%YAML 1.1
%TAG !u! tag:unity3d.com,2011:
--- !u!243 &-5644479691555690753
AudioMixerGroupController:
  m_ObjectHideFlags: 0
  m_CorrespondingSourceObject: {fileID: 0}
  m_PrefabInstance: {fileID: 0}
  m_PrefabAsset: {fileID: 0}
  m_Name: FX
  m_AudioMixer: {fileID: 24100000}
  m_GroupID: 93853d9a38996034d917201548586752
  m_Children: []
  m_Volume: f658fad15d1f35a4c90a509755b7e9eb
  m_Pitch: 8d21c69b2b1f04441ab64d17232fab96
  m_Send: 00000000000000000000000000000000
  m_Effects:
  - {fileID: -3402770869022438185}
  m_UserColorIndex: 0
  m_Mute: 0
  m_Solo: 0
  m_BypassEffects: 0
--- !u!244 &-3402770869022438185
AudioMixerEffectController:
  m_ObjectHideFlags: 3
  m_CorrespondingSourceObject: {fileID: 0}
  m_PrefabInstance: {fileID: 0}
  m_PrefabAsset: {fileID: 0}
  m_Name: 
  m_EffectID: 8589bb311dd3d114b8e3c26c159bd5a4
  m_EffectName: Attenuation
  m_MixLevel: 030a8ae35d6d6d445bc4fc8cd3dc222a
  m_Parameters: []
  m_SendTarget: {fileID: 0}
  m_EnableWetMix: 0
  m_Bypass: 0
--- !u!243 &-1603887870110984179
AudioMixerGroupController:
  m_ObjectHideFlags: 0
  m_CorrespondingSourceObject: {fileID: 0}
  m_PrefabInstance: {fileID: 0}
  m_PrefabAsset: {fileID: 0}
  m_Name: Environmental
  m_AudioMixer: {fileID: 24100000}
  m_GroupID: 1ba31fe5c8914074ba5c10a2e39495b4
  m_Children: []
  m_Volume: a7f6aed39214d334789a63d9881822dc
  m_Pitch: c2089bb82ede71b4a8e8b7f66f03ce59
  m_Send: 00000000000000000000000000000000
  m_Effects:
  - {fileID: 293020741947149489}
  m_UserColorIndex: 0
  m_Mute: 0
  m_Solo: 0
  m_BypassEffects: 0
--- !u!241 &24100000
AudioMixerController:
  m_ObjectHideFlags: 0
  m_CorrespondingSourceObject: {fileID: 0}
  m_PrefabInstance: {fileID: 0}
  m_PrefabAsset: {fileID: 0}
  m_Name: AudioMixer
  m_OutputGroup: {fileID: 0}
  m_MasterGroup: {fileID: 24300002}
  m_Snapshots:
  - {fileID: 24500006}
  m_StartSnapshot: {fileID: 24500006}
  m_SuspendThreshold: -80
  m_EnableSuspend: 1
  m_UpdateMode: 0
  m_ExposedParameters:
  - guid: a7f6aed39214d334789a63d9881822dc
    name: Enviromental
  - guid: f658fad15d1f35a4c90a509755b7e9eb
    name: Fx
  - guid: c909a2ad426f18e4599396622162cc95
    name: Master
  m_AudioMixerGroupViews:
  - guids:
    - d515f6883a6e80b4d9990d40f3b6079d
    - 1ba31fe5c8914074ba5c10a2e39495b4
    - 93853d9a38996034d917201548586752
    name: View
  m_CurrentViewIndex: 0
  m_TargetSnapshot: {fileID: 24500006}
--- !u!243 &24300002
AudioMixerGroupController:
  m_ObjectHideFlags: 0
  m_CorrespondingSourceObject: {fileID: 0}
  m_PrefabInstance: {fileID: 0}
  m_PrefabAsset: {fileID: 0}
  m_Name: Master
  m_AudioMixer: {fileID: 24100000}
  m_GroupID: d515f6883a6e80b4d9990d40f3b6079d
  m_Children:
  - {fileID: -1603887870110984179}
  - {fileID: -5644479691555690753}
  m_Volume: c909a2ad426f18e4599396622162cc95
  m_Pitch: 6343f6db8112f8e42a9dc97c455538f6
  m_Send: 00000000000000000000000000000000
  m_Effects:
  - {fileID: 24400004}
  m_UserColorIndex: 0
  m_Mute: 0
  m_Solo: 0
  m_BypassEffects: 0
--- !u!244 &24400004
AudioMixerEffectController:
  m_ObjectHideFlags: 3
  m_CorrespondingSourceObject: {fileID: 0}
  m_PrefabInstance: {fileID: 0}
  m_PrefabAsset: {fileID: 0}
  m_Name: 
  m_EffectID: 5bbe2d045f298684f857bc078ca82734
  m_EffectName: Attenuation
  m_MixLevel: d0be63f6a8ad5d54ca4277eb4ba01c2b
  m_Parameters: []
  m_SendTarget: {fileID: 0}
  m_EnableWetMix: 0
  m_Bypass: 0
--- !u!245 &24500006
AudioMixerSnapshotController:
  m_ObjectHideFlags: 0
  m_CorrespondingSourceObject: {fileID: 0}
  m_PrefabInstance: {fileID: 0}
  m_PrefabAsset: {fileID: 0}
  m_Name: Snapshot
  m_AudioMixer: {fileID: 24100000}
  m_SnapshotID: fbf4663192bc48f4fbeae6e9b0b2897b
  m_FloatValues:
    f658fad15d1f35a4c90a509755b7e9eb: 0
    a7f6aed39214d334789a63d9881822dc: 0
    c909a2ad426f18e4599396622162cc95: 0
  m_TransitionOverrides: {}
--- !u!244 &293020741947149489
AudioMixerEffectController:
  m_ObjectHideFlags: 3
  m_CorrespondingSourceObject: {fileID: 0}
  m_PrefabInstance: {fileID: 0}
  m_PrefabAsset: {fileID: 0}
  m_Name: 
  m_EffectID: b20f2324668e0d0468d0ef57e4791c37
  m_EffectName: Attenuation
  m_MixLevel: 9e1b83a6bb417ef42ae2fc47eed31990
  m_Parameters: []
  m_SendTarget: {fileID: 0}
  m_EnableWetMix: 0
  m_Bypass: 0
