%YAML 1.1
%TAG !u! tag:unity3d.com,2011:
--- !u!1 &6141223151723661248
GameObject:
  m_ObjectHideFlags: 0
  m_CorrespondingSourceObject: {fileID: 0}
  m_PrefabInstance: {fileID: 0}
  m_PrefabAsset: {fileID: 0}
  serializedVersion: 6
  m_Component:
  - component: {fileID: 4120743043183622243}
  m_Layer: 0
  m_Name: Spiders
  m_TagString: Untagged
  m_Icon: {fileID: 0}
  m_NavMeshLayer: 0
  m_StaticEditorFlags: 0
  m_IsActive: 1
--- !u!4 &4120743043183622243
Transform:
  m_ObjectHideFlags: 0
  m_CorrespondingSourceObject: {fileID: 0}
  m_PrefabInstance: {fileID: 0}
  m_PrefabAsset: {fileID: 0}
  m_GameObject: {fileID: 6141223151723661248}
  m_LocalRotation: {x: -0, y: -0, z: -0, w: 1}
  m_LocalPosition: {x: 0, y: 0, z: 0}
  m_LocalScale: {x: 1, y: 1, z: 1}
  m_Children:
  - {fileID: 7680642042012780806}
  - {fileID: 3321135891498931879}
  - {fileID: 4758796187203098782}
  m_Father: {fileID: 242159571558498459}
  m_RootOrder: 5
  m_LocalEulerAnglesHint: {x: 0, y: 0, z: 0}
--- !u!1 &6909837644657948466
GameObject:
  m_ObjectHideFlags: 0
  m_CorrespondingSourceObject: {fileID: 0}
  m_PrefabInstance: {fileID: 0}
  m_PrefabAsset: {fileID: 0}
  serializedVersion: 6
  m_Component:
  - component: {fileID: 242159571558498459}
  m_Layer: 0
  m_Name: DangerZone
  m_TagString: Untagged
  m_Icon: {fileID: 0}
  m_NavMeshLayer: 0
  m_StaticEditorFlags: 0
  m_IsActive: 1
--- !u!4 &242159571558498459
Transform:
  m_ObjectHideFlags: 0
  m_CorrespondingSourceObject: {fileID: 0}
  m_PrefabInstance: {fileID: 0}
  m_PrefabAsset: {fileID: 0}
  m_GameObject: {fileID: 6909837644657948466}
  m_LocalRotation: {x: 0, y: 0, z: 0, w: 1}
  m_LocalPosition: {x: 166.21457, y: -38.66826, z: 285.19882}
  m_LocalScale: {x: 1, y: 1, z: 1}
  m_Children:
  - {fileID: 2196628845054997416}
  - {fileID: 3615971734471119993}
  - {fileID: 1091089354149333481}
  - {fileID: 2152208134003554988}
  - {fileID: 5004505301976319377}
  - {fileID: 4120743043183622243}
  m_Father: {fileID: 0}
  m_RootOrder: 0
  m_LocalEulerAnglesHint: {x: 0, y: 0, z: 0}
--- !u!1001 &531663898816235338
PrefabInstance:
  m_ObjectHideFlags: 0
  serializedVersion: 2
  m_Modification:
    m_TransformParent: {fileID: 242159571558498459}
    m_Modifications:
    - target: {fileID: 1927246636466814438, guid: 35de420b17628e34baa440927426cf4f,
        type: 3}
      propertyPath: m_RootOrder
      value: 3
      objectReference: {fileID: 0}
    - target: {fileID: 1927246636466814438, guid: 35de420b17628e34baa440927426cf4f,
        type: 3}
      propertyPath: m_LocalPosition.x
      value: -24.21457
      objectReference: {fileID: 0}
    - target: {fileID: 1927246636466814438, guid: 35de420b17628e34baa440927426cf4f,
        type: 3}
      propertyPath: m_LocalPosition.y
      value: -0.33174133
      objectReference: {fileID: 0}
    - target: {fileID: 1927246636466814438, guid: 35de420b17628e34baa440927426cf4f,
        type: 3}
      propertyPath: m_LocalPosition.z
      value: 0
      objectReference: {fileID: 0}
    - target: {fileID: 1927246636466814438, guid: 35de420b17628e34baa440927426cf4f,
        type: 3}
      propertyPath: m_LocalRotation.w
      value: 1
      objectReference: {fileID: 0}
    - target: {fileID: 1927246636466814438, guid: 35de420b17628e34baa440927426cf4f,
        type: 3}
      propertyPath: m_LocalRotation.x
      value: 0
      objectReference: {fileID: 0}
    - target: {fileID: 1927246636466814438, guid: 35de420b17628e34baa440927426cf4f,
        type: 3}
      propertyPath: m_LocalRotation.y
      value: 0
      objectReference: {fileID: 0}
    - target: {fileID: 1927246636466814438, guid: 35de420b17628e34baa440927426cf4f,
        type: 3}
      propertyPath: m_LocalRotation.z
      value: 0
      objectReference: {fileID: 0}
    - target: {fileID: 1927246636466814438, guid: 35de420b17628e34baa440927426cf4f,
        type: 3}
      propertyPath: m_LocalEulerAnglesHint.x
      value: 0
      objectReference: {fileID: 0}
    - target: {fileID: 1927246636466814438, guid: 35de420b17628e34baa440927426cf4f,
        type: 3}
      propertyPath: m_LocalEulerAnglesHint.y
      value: 0
      objectReference: {fileID: 0}
    - target: {fileID: 1927246636466814438, guid: 35de420b17628e34baa440927426cf4f,
        type: 3}
      propertyPath: m_LocalEulerAnglesHint.z
      value: 0
      objectReference: {fileID: 0}
    - target: {fileID: 1927246636466840006, guid: 35de420b17628e34baa440927426cf4f,
        type: 3}
      propertyPath: m_Name
      value: Egg_Green (1)
      objectReference: {fileID: 0}
    m_RemovedComponents: []
  m_SourcePrefab: {fileID: 100100000, guid: 35de420b17628e34baa440927426cf4f, type: 3}
--- !u!4 &2152208134003554988 stripped
Transform:
  m_CorrespondingSourceObject: {fileID: 1927246636466814438, guid: 35de420b17628e34baa440927426cf4f,
    type: 3}
  m_PrefabInstance: {fileID: 531663898816235338}
  m_PrefabAsset: {fileID: 0}
--- !u!1001 &1556740678902592527
PrefabInstance:
  m_ObjectHideFlags: 0
  serializedVersion: 2
  m_Modification:
    m_TransformParent: {fileID: 242159571558498459}
    m_Modifications:
    - target: {fileID: 1927246636466814438, guid: 35de420b17628e34baa440927426cf4f,
        type: 3}
      propertyPath: m_RootOrder
      value: 2
      objectReference: {fileID: 0}
    - target: {fileID: 1927246636466814438, guid: 35de420b17628e34baa440927426cf4f,
        type: 3}
      propertyPath: m_LocalPosition.x
      value: 0
      objectReference: {fileID: 0}
    - target: {fileID: 1927246636466814438, guid: 35de420b17628e34baa440927426cf4f,
        type: 3}
      propertyPath: m_LocalPosition.y
      value: -0.33174133
      objectReference: {fileID: 0}
    - target: {fileID: 1927246636466814438, guid: 35de420b17628e34baa440927426cf4f,
        type: 3}
      propertyPath: m_LocalPosition.z
      value: 20.801178
      objectReference: {fileID: 0}
    - target: {fileID: 1927246636466814438, guid: 35de420b17628e34baa440927426cf4f,
        type: 3}
      propertyPath: m_LocalRotation.w
      value: 1
      objectReference: {fileID: 0}
    - target: {fileID: 1927246636466814438, guid: 35de420b17628e34baa440927426cf4f,
        type: 3}
      propertyPath: m_LocalRotation.x
      value: 0
      objectReference: {fileID: 0}
    - target: {fileID: 1927246636466814438, guid: 35de420b17628e34baa440927426cf4f,
        type: 3}
      propertyPath: m_LocalRotation.y
      value: 0
      objectReference: {fileID: 0}
    - target: {fileID: 1927246636466814438, guid: 35de420b17628e34baa440927426cf4f,
        type: 3}
      propertyPath: m_LocalRotation.z
      value: 0
      objectReference: {fileID: 0}
    - target: {fileID: 1927246636466814438, guid: 35de420b17628e34baa440927426cf4f,
        type: 3}
      propertyPath: m_LocalEulerAnglesHint.x
      value: 0
      objectReference: {fileID: 0}
    - target: {fileID: 1927246636466814438, guid: 35de420b17628e34baa440927426cf4f,
        type: 3}
      propertyPath: m_LocalEulerAnglesHint.y
      value: 0
      objectReference: {fileID: 0}
    - target: {fileID: 1927246636466814438, guid: 35de420b17628e34baa440927426cf4f,
        type: 3}
      propertyPath: m_LocalEulerAnglesHint.z
      value: 0
      objectReference: {fileID: 0}
    - target: {fileID: 1927246636466840006, guid: 35de420b17628e34baa440927426cf4f,
        type: 3}
      propertyPath: m_Name
      value: Egg_Green
      objectReference: {fileID: 0}
    m_RemovedComponents: []
  m_SourcePrefab: {fileID: 100100000, guid: 35de420b17628e34baa440927426cf4f, type: 3}
--- !u!4 &1091089354149333481 stripped
Transform:
  m_CorrespondingSourceObject: {fileID: 1927246636466814438, guid: 35de420b17628e34baa440927426cf4f,
    type: 3}
  m_PrefabInstance: {fileID: 1556740678902592527}
  m_PrefabAsset: {fileID: 0}
--- !u!1001 &1591815365685450116
PrefabInstance:
  m_ObjectHideFlags: 0
  serializedVersion: 2
  m_Modification:
    m_TransformParent: {fileID: 4120743043183622243}
    m_Modifications:
    - target: {fileID: 4035305373373596451, guid: 7a1e02b4e3e3cde4da6a58f6c596f9b7,
        type: 3}
      propertyPath: m_RootOrder
      value: 1
      objectReference: {fileID: 0}
    - target: {fileID: 4035305373373596451, guid: 7a1e02b4e3e3cde4da6a58f6c596f9b7,
        type: 3}
      propertyPath: m_LocalPosition.x
      value: -6.214569
      objectReference: {fileID: 0}
    - target: {fileID: 4035305373373596451, guid: 7a1e02b4e3e3cde4da6a58f6c596f9b7,
        type: 3}
      propertyPath: m_LocalPosition.y
      value: 1
      objectReference: {fileID: 0}
    - target: {fileID: 4035305373373596451, guid: 7a1e02b4e3e3cde4da6a58f6c596f9b7,
        type: 3}
      propertyPath: m_LocalPosition.z
      value: 16.801178
      objectReference: {fileID: 0}
    - target: {fileID: 4035305373373596451, guid: 7a1e02b4e3e3cde4da6a58f6c596f9b7,
        type: 3}
      propertyPath: m_LocalRotation.w
      value: 1
      objectReference: {fileID: 0}
    - target: {fileID: 4035305373373596451, guid: 7a1e02b4e3e3cde4da6a58f6c596f9b7,
        type: 3}
      propertyPath: m_LocalRotation.x
      value: -0
      objectReference: {fileID: 0}
    - target: {fileID: 4035305373373596451, guid: 7a1e02b4e3e3cde4da6a58f6c596f9b7,
        type: 3}
      propertyPath: m_LocalRotation.y
      value: -0
      objectReference: {fileID: 0}
    - target: {fileID: 4035305373373596451, guid: 7a1e02b4e3e3cde4da6a58f6c596f9b7,
        type: 3}
      propertyPath: m_LocalRotation.z
      value: -0
      objectReference: {fileID: 0}
    - target: {fileID: 4035305373373596451, guid: 7a1e02b4e3e3cde4da6a58f6c596f9b7,
        type: 3}
      propertyPath: m_LocalEulerAnglesHint.x
      value: 0
      objectReference: {fileID: 0}
    - target: {fileID: 4035305373373596451, guid: 7a1e02b4e3e3cde4da6a58f6c596f9b7,
        type: 3}
      propertyPath: m_LocalEulerAnglesHint.y
      value: 0
      objectReference: {fileID: 0}
    - target: {fileID: 4035305373373596451, guid: 7a1e02b4e3e3cde4da6a58f6c596f9b7,
        type: 3}
      propertyPath: m_LocalEulerAnglesHint.z
      value: 0
      objectReference: {fileID: 0}
    - target: {fileID: 4035305373373596457, guid: 7a1e02b4e3e3cde4da6a58f6c596f9b7,
        type: 3}
      propertyPath: m_Name
      value: SpiderEnemy
      objectReference: {fileID: 0}
    m_RemovedComponents: []
  m_SourcePrefab: {fileID: 100100000, guid: 7a1e02b4e3e3cde4da6a58f6c596f9b7, type: 3}
--- !u!4 &3321135891498931879 stripped
Transform:
  m_CorrespondingSourceObject: {fileID: 4035305373373596451, guid: 7a1e02b4e3e3cde4da6a58f6c596f9b7,
    type: 3}
  m_PrefabInstance: {fileID: 1591815365685450116}
  m_PrefabAsset: {fileID: 0}
--- !u!1001 &2365062431810326409
PrefabInstance:
  m_ObjectHideFlags: 0
  serializedVersion: 2
  m_Modification:
    m_TransformParent: {fileID: 4120743043183622243}
    m_Modifications:
    - target: {fileID: 7122654101855521591, guid: 91d4749f098c66442b36767a17342765,
        type: 3}
      propertyPath: m_Name
      value: Shooting_Spider
      objectReference: {fileID: 0}
    - target: {fileID: 7122654101855557399, guid: 91d4749f098c66442b36767a17342765,
        type: 3}
      propertyPath: m_RootOrder
      value: 2
      objectReference: {fileID: 0}
    - target: {fileID: 7122654101855557399, guid: 91d4749f098c66442b36767a17342765,
        type: 3}
      propertyPath: m_LocalPosition.x
      value: -10.214569
      objectReference: {fileID: 0}
    - target: {fileID: 7122654101855557399, guid: 91d4749f098c66442b36767a17342765,
        type: 3}
      propertyPath: m_LocalPosition.y
      value: 1
      objectReference: {fileID: 0}
    - target: {fileID: 7122654101855557399, guid: 91d4749f098c66442b36767a17342765,
        type: 3}
      propertyPath: m_LocalPosition.z
      value: -27.371552
      objectReference: {fileID: 0}
    - target: {fileID: 7122654101855557399, guid: 91d4749f098c66442b36767a17342765,
        type: 3}
      propertyPath: m_LocalRotation.w
      value: 1
      objectReference: {fileID: 0}
    - target: {fileID: 7122654101855557399, guid: 91d4749f098c66442b36767a17342765,
        type: 3}
      propertyPath: m_LocalRotation.x
      value: -0
      objectReference: {fileID: 0}
    - target: {fileID: 7122654101855557399, guid: 91d4749f098c66442b36767a17342765,
        type: 3}
      propertyPath: m_LocalRotation.y
      value: -0
      objectReference: {fileID: 0}
    - target: {fileID: 7122654101855557399, guid: 91d4749f098c66442b36767a17342765,
        type: 3}
      propertyPath: m_LocalRotation.z
      value: -0
      objectReference: {fileID: 0}
    - target: {fileID: 7122654101855557399, guid: 91d4749f098c66442b36767a17342765,
        type: 3}
      propertyPath: m_LocalEulerAnglesHint.x
      value: 0
      objectReference: {fileID: 0}
    - target: {fileID: 7122654101855557399, guid: 91d4749f098c66442b36767a17342765,
        type: 3}
      propertyPath: m_LocalEulerAnglesHint.y
      value: 0
      objectReference: {fileID: 0}
    - target: {fileID: 7122654101855557399, guid: 91d4749f098c66442b36767a17342765,
        type: 3}
      propertyPath: m_LocalEulerAnglesHint.z
      value: 0
      objectReference: {fileID: 0}
    m_RemovedComponents: []
  m_SourcePrefab: {fileID: 100100000, guid: 91d4749f098c66442b36767a17342765, type: 3}
--- !u!4 &4758796187203098782 stripped
Transform:
  m_CorrespondingSourceObject: {fileID: 7122654101855557399, guid: 91d4749f098c66442b36767a17342765,
    type: 3}
  m_PrefabInstance: {fileID: 2365062431810326409}
  m_PrefabAsset: {fileID: 0}
--- !u!1001 &2801121980873773304
PrefabInstance:
  m_ObjectHideFlags: 0
  serializedVersion: 2
  m_Modification:
    m_TransformParent: {fileID: 242159571558498459}
    m_Modifications:
    - target: {fileID: 1509012345203197057, guid: d97644ff1e65e704a973f9234a00caa8,
        type: 3}
      propertyPath: m_RootOrder
      value: 1
      objectReference: {fileID: 0}
    - target: {fileID: 1509012345203197057, guid: d97644ff1e65e704a973f9234a00caa8,
        type: 3}
      propertyPath: m_LocalPosition.x
      value: 0
      objectReference: {fileID: 0}
    - target: {fileID: 1509012345203197057, guid: d97644ff1e65e704a973f9234a00caa8,
        type: 3}
      propertyPath: m_LocalPosition.y
      value: 0
      objectReference: {fileID: 0}
    - target: {fileID: 1509012345203197057, guid: d97644ff1e65e704a973f9234a00caa8,
        type: 3}
      propertyPath: m_LocalPosition.z
      value: 0
      objectReference: {fileID: 0}
    - target: {fileID: 1509012345203197057, guid: d97644ff1e65e704a973f9234a00caa8,
        type: 3}
      propertyPath: m_LocalRotation.w
      value: 1
      objectReference: {fileID: 0}
    - target: {fileID: 1509012345203197057, guid: d97644ff1e65e704a973f9234a00caa8,
        type: 3}
      propertyPath: m_LocalRotation.x
      value: 0
      objectReference: {fileID: 0}
    - target: {fileID: 1509012345203197057, guid: d97644ff1e65e704a973f9234a00caa8,
        type: 3}
      propertyPath: m_LocalRotation.y
      value: 0
      objectReference: {fileID: 0}
    - target: {fileID: 1509012345203197057, guid: d97644ff1e65e704a973f9234a00caa8,
        type: 3}
      propertyPath: m_LocalRotation.z
      value: 0
      objectReference: {fileID: 0}
    - target: {fileID: 1509012345203197057, guid: d97644ff1e65e704a973f9234a00caa8,
        type: 3}
      propertyPath: m_LocalEulerAnglesHint.x
      value: 0
      objectReference: {fileID: 0}
    - target: {fileID: 1509012345203197057, guid: d97644ff1e65e704a973f9234a00caa8,
        type: 3}
      propertyPath: m_LocalEulerAnglesHint.y
      value: 0
      objectReference: {fileID: 0}
    - target: {fileID: 1509012345203197057, guid: d97644ff1e65e704a973f9234a00caa8,
        type: 3}
      propertyPath: m_LocalEulerAnglesHint.z
      value: 0
      objectReference: {fileID: 0}
    - target: {fileID: 1509012345203197058, guid: d97644ff1e65e704a973f9234a00caa8,
        type: 3}
      propertyPath: m_Name
      value: Nhul
      objectReference: {fileID: 0}
    m_RemovedComponents: []
  m_SourcePrefab: {fileID: 100100000, guid: d97644ff1e65e704a973f9234a00caa8, type: 3}
--- !u!4 &3615971734471119993 stripped
Transform:
  m_CorrespondingSourceObject: {fileID: 1509012345203197057, guid: d97644ff1e65e704a973f9234a00caa8,
    type: 3}
  m_PrefabInstance: {fileID: 2801121980873773304}
  m_PrefabAsset: {fileID: 0}
--- !u!1001 &3804059021364486103
PrefabInstance:
  m_ObjectHideFlags: 0
  serializedVersion: 2
  m_Modification:
    m_TransformParent: {fileID: 242159571558498459}
    m_Modifications:
    - target: {fileID: 2575485580992198569, guid: d4afe2d91bae57e48ac38077a1fbddf4,
        type: 3}
      propertyPath: m_Name
      value: MinimapMarker
      objectReference: {fileID: 0}
    - target: {fileID: 3076316770159422591, guid: d4afe2d91bae57e48ac38077a1fbddf4,
        type: 3}
      propertyPath: m_RootOrder
      value: 0
      objectReference: {fileID: 0}
    - target: {fileID: 3076316770159422591, guid: d4afe2d91bae57e48ac38077a1fbddf4,
        type: 3}
      propertyPath: m_LocalPosition.x
      value: 2.3042297
      objectReference: {fileID: 0}
    - target: {fileID: 3076316770159422591, guid: d4afe2d91bae57e48ac38077a1fbddf4,
        type: 3}
      propertyPath: m_LocalPosition.y
      value: -12.924416
      objectReference: {fileID: 0}
    - target: {fileID: 3076316770159422591, guid: d4afe2d91bae57e48ac38077a1fbddf4,
        type: 3}
      propertyPath: m_LocalPosition.z
      value: -8.860107
      objectReference: {fileID: 0}
    - target: {fileID: 3076316770159422591, guid: d4afe2d91bae57e48ac38077a1fbddf4,
        type: 3}
      propertyPath: m_LocalRotation.w
      value: 1
      objectReference: {fileID: 0}
    - target: {fileID: 3076316770159422591, guid: d4afe2d91bae57e48ac38077a1fbddf4,
        type: 3}
      propertyPath: m_LocalRotation.x
      value: -0
      objectReference: {fileID: 0}
    - target: {fileID: 3076316770159422591, guid: d4afe2d91bae57e48ac38077a1fbddf4,
        type: 3}
      propertyPath: m_LocalRotation.y
      value: -0
      objectReference: {fileID: 0}
    - target: {fileID: 3076316770159422591, guid: d4afe2d91bae57e48ac38077a1fbddf4,
        type: 3}
      propertyPath: m_LocalRotation.z
      value: -0
      objectReference: {fileID: 0}
    - target: {fileID: 3076316770159422591, guid: d4afe2d91bae57e48ac38077a1fbddf4,
        type: 3}
      propertyPath: m_LocalEulerAnglesHint.x
      value: 0
      objectReference: {fileID: 0}
    - target: {fileID: 3076316770159422591, guid: d4afe2d91bae57e48ac38077a1fbddf4,
        type: 3}
      propertyPath: m_LocalEulerAnglesHint.y
      value: 0
      objectReference: {fileID: 0}
    - target: {fileID: 3076316770159422591, guid: d4afe2d91bae57e48ac38077a1fbddf4,
        type: 3}
      propertyPath: m_LocalEulerAnglesHint.z
      value: 0
      objectReference: {fileID: 0}
    m_RemovedComponents: []
  m_SourcePrefab: {fileID: 100100000, guid: d4afe2d91bae57e48ac38077a1fbddf4, type: 3}
--- !u!4 &2196628845054997416 stripped
Transform:
  m_CorrespondingSourceObject: {fileID: 3076316770159422591, guid: d4afe2d91bae57e48ac38077a1fbddf4,
    type: 3}
  m_PrefabInstance: {fileID: 3804059021364486103}
  m_PrefabAsset: {fileID: 0}
--- !u!1001 &4738935780355043830
PrefabInstance:
  m_ObjectHideFlags: 0
  serializedVersion: 2
  m_Modification:
    m_TransformParent: {fileID: 242159571558498459}
    m_Modifications:
    - target: {fileID: 339889784730743911, guid: d68321a73cfd69b4aa0053a29ea9c617,
        type: 3}
      propertyPath: m_RootOrder
      value: 4
      objectReference: {fileID: 0}
    - target: {fileID: 339889784730743911, guid: d68321a73cfd69b4aa0053a29ea9c617,
        type: 3}
      propertyPath: m_LocalPosition.x
      value: 14.785431
      objectReference: {fileID: 0}
    - target: {fileID: 339889784730743911, guid: d68321a73cfd69b4aa0053a29ea9c617,
        type: 3}
      propertyPath: m_LocalPosition.y
      value: -0.33174133
      objectReference: {fileID: 0}
    - target: {fileID: 339889784730743911, guid: d68321a73cfd69b4aa0053a29ea9c617,
        type: 3}
      propertyPath: m_LocalPosition.z
      value: -7.198822
      objectReference: {fileID: 0}
    - target: {fileID: 339889784730743911, guid: d68321a73cfd69b4aa0053a29ea9c617,
        type: 3}
      propertyPath: m_LocalRotation.w
      value: 1
      objectReference: {fileID: 0}
    - target: {fileID: 339889784730743911, guid: d68321a73cfd69b4aa0053a29ea9c617,
        type: 3}
      propertyPath: m_LocalRotation.x
      value: 0
      objectReference: {fileID: 0}
    - target: {fileID: 339889784730743911, guid: d68321a73cfd69b4aa0053a29ea9c617,
        type: 3}
      propertyPath: m_LocalRotation.y
      value: 0
      objectReference: {fileID: 0}
    - target: {fileID: 339889784730743911, guid: d68321a73cfd69b4aa0053a29ea9c617,
        type: 3}
      propertyPath: m_LocalRotation.z
      value: 0
      objectReference: {fileID: 0}
    - target: {fileID: 339889784730743911, guid: d68321a73cfd69b4aa0053a29ea9c617,
        type: 3}
      propertyPath: m_LocalEulerAnglesHint.x
      value: 0
      objectReference: {fileID: 0}
    - target: {fileID: 339889784730743911, guid: d68321a73cfd69b4aa0053a29ea9c617,
        type: 3}
      propertyPath: m_LocalEulerAnglesHint.y
      value: 0
      objectReference: {fileID: 0}
    - target: {fileID: 339889784730743911, guid: d68321a73cfd69b4aa0053a29ea9c617,
        type: 3}
      propertyPath: m_LocalEulerAnglesHint.z
      value: 0
      objectReference: {fileID: 0}
    - target: {fileID: 339889784731166791, guid: d68321a73cfd69b4aa0053a29ea9c617,
        type: 3}
      propertyPath: m_Name
      value: Egg_Red
      objectReference: {fileID: 0}
    m_RemovedComponents: []
  m_SourcePrefab: {fileID: 100100000, guid: d68321a73cfd69b4aa0053a29ea9c617, type: 3}
--- !u!4 &5004505301976319377 stripped
Transform:
  m_CorrespondingSourceObject: {fileID: 339889784730743911, guid: d68321a73cfd69b4aa0053a29ea9c617,
    type: 3}
  m_PrefabInstance: {fileID: 4738935780355043830}
  m_PrefabAsset: {fileID: 0}
--- !u!1001 &5951322074679265829
PrefabInstance:
  m_ObjectHideFlags: 0
  serializedVersion: 2
  m_Modification:
    m_TransformParent: {fileID: 4120743043183622243}
    m_Modifications:
    - target: {fileID: 4035305373373596451, guid: 7a1e02b4e3e3cde4da6a58f6c596f9b7,
        type: 3}
      propertyPath: m_RootOrder
      value: 0
      objectReference: {fileID: 0}
    - target: {fileID: 4035305373373596451, guid: 7a1e02b4e3e3cde4da6a58f6c596f9b7,
        type: 3}
      propertyPath: m_LocalPosition.x
      value: -18.135864
      objectReference: {fileID: 0}
    - target: {fileID: 4035305373373596451, guid: 7a1e02b4e3e3cde4da6a58f6c596f9b7,
        type: 3}
      propertyPath: m_LocalPosition.y
      value: 1
      objectReference: {fileID: 0}
    - target: {fileID: 4035305373373596451, guid: 7a1e02b4e3e3cde4da6a58f6c596f9b7,
        type: 3}
      propertyPath: m_LocalPosition.z
      value: 5.801178
      objectReference: {fileID: 0}
    - target: {fileID: 4035305373373596451, guid: 7a1e02b4e3e3cde4da6a58f6c596f9b7,
        type: 3}
      propertyPath: m_LocalRotation.w
      value: 1
      objectReference: {fileID: 0}
    - target: {fileID: 4035305373373596451, guid: 7a1e02b4e3e3cde4da6a58f6c596f9b7,
        type: 3}
      propertyPath: m_LocalRotation.x
      value: -0
      objectReference: {fileID: 0}
    - target: {fileID: 4035305373373596451, guid: 7a1e02b4e3e3cde4da6a58f6c596f9b7,
        type: 3}
      propertyPath: m_LocalRotation.y
      value: -0
      objectReference: {fileID: 0}
    - target: {fileID: 4035305373373596451, guid: 7a1e02b4e3e3cde4da6a58f6c596f9b7,
        type: 3}
      propertyPath: m_LocalRotation.z
      value: -0
      objectReference: {fileID: 0}
    - target: {fileID: 4035305373373596451, guid: 7a1e02b4e3e3cde4da6a58f6c596f9b7,
        type: 3}
      propertyPath: m_LocalEulerAnglesHint.x
      value: 0
      objectReference: {fileID: 0}
    - target: {fileID: 4035305373373596451, guid: 7a1e02b4e3e3cde4da6a58f6c596f9b7,
        type: 3}
      propertyPath: m_LocalEulerAnglesHint.y
      value: 0
      objectReference: {fileID: 0}
    - target: {fileID: 4035305373373596451, guid: 7a1e02b4e3e3cde4da6a58f6c596f9b7,
        type: 3}
      propertyPath: m_LocalEulerAnglesHint.z
      value: 0
      objectReference: {fileID: 0}
    - target: {fileID: 4035305373373596457, guid: 7a1e02b4e3e3cde4da6a58f6c596f9b7,
        type: 3}
      propertyPath: m_Name
      value: SpiderEnemy (1)
      objectReference: {fileID: 0}
    m_RemovedComponents: []
  m_SourcePrefab: {fileID: 100100000, guid: 7a1e02b4e3e3cde4da6a58f6c596f9b7, type: 3}
--- !u!4 &7680642042012780806 stripped
Transform:
  m_CorrespondingSourceObject: {fileID: 4035305373373596451, guid: 7a1e02b4e3e3cde4da6a58f6c596f9b7,
    type: 3}
  m_PrefabInstance: {fileID: 5951322074679265829}
  m_PrefabAsset: {fileID: 0}
