%YAML 1.1
%TAG !u! tag:unity3d.com,2011:
--- !u!29 &1
OcclusionCullingSettings:
  m_ObjectHideFlags: 0
  serializedVersion: 2
  m_OcclusionBakeSettings:
    smallestOccluder: 5
    smallestHole: 0.25
    backfaceThreshold: 100
  m_SceneGUID: 00000000000000000000000000000000
  m_OcclusionCullingData: {fileID: 0}
--- !u!104 &2
RenderSettings:
  m_ObjectHideFlags: 0
  serializedVersion: 9
  m_Fog: 1
  m_FogColor: {r: 0.5, g: 0.5, b: 0.5, a: 1}
  m_FogMode: 3
  m_FogDensity: 0.01
  m_LinearFogStart: 0
  m_LinearFogEnd: 300
  m_AmbientSkyColor: {r: 0.212, g: 0.227, b: 0.259, a: 1}
  m_AmbientEquatorColor: {r: 0.114, g: 0.125, b: 0.133, a: 1}
  m_AmbientGroundColor: {r: 0.047, g: 0.043, b: 0.035, a: 1}
  m_AmbientIntensity: 1
  m_AmbientMode: 0
  m_SubtractiveShadowColor: {r: 0.42, g: 0.478, b: 0.627, a: 1}
  m_SkyboxMaterial: {fileID: 10304, guid: 0000000000000000f000000000000000, type: 0}
  m_HaloStrength: 0.5
  m_FlareStrength: 1
  m_FlareFadeSpeed: 3
  m_HaloTexture: {fileID: 0}
  m_SpotCookie: {fileID: 10001, guid: 0000000000000000e000000000000000, type: 0}
  m_DefaultReflectionMode: 0
  m_DefaultReflectionResolution: 128
  m_ReflectionBounces: 1
  m_ReflectionIntensity: 1
  m_CustomReflection: {fileID: 0}
  m_Sun: {fileID: 1297328682}
  m_IndirectSpecularColor: {r: 0.18028454, g: 0.22571571, b: 0.30692565, a: 1}
  m_UseRadianceAmbientProbe: 0
--- !u!157 &3
LightmapSettings:
  m_ObjectHideFlags: 0
  serializedVersion: 11
  m_GIWorkflowMode: 1
  m_GISettings:
    serializedVersion: 2
    m_BounceScale: 1
    m_IndirectOutputScale: 1
    m_AlbedoBoost: 1
    m_EnvironmentLightingMode: 0
    m_EnableBakedLightmaps: 1
    m_EnableRealtimeLightmaps: 0
  m_LightmapEditorSettings:
    serializedVersion: 12
    m_Resolution: 2
    m_BakeResolution: 40
    m_AtlasSize: 1024
    m_AO: 0
    m_AOMaxDistance: 1
    m_CompAOExponent: 1
    m_CompAOExponentDirect: 0
    m_ExtractAmbientOcclusion: 0
    m_Padding: 2
    m_LightmapParameters: {fileID: 0}
    m_LightmapsBakeMode: 1
    m_TextureCompression: 1
    m_FinalGather: 0
    m_FinalGatherFiltering: 1
    m_FinalGatherRayCount: 256
    m_ReflectionCompression: 2
    m_MixedBakeMode: 2
    m_BakeBackend: 1
    m_PVRSampling: 1
    m_PVRDirectSampleCount: 32
    m_PVRSampleCount: 512
    m_PVRBounces: 2
    m_PVREnvironmentSampleCount: 256
    m_PVREnvironmentReferencePointCount: 2048
    m_PVRFilteringMode: 1
    m_PVRDenoiserTypeDirect: 1
    m_PVRDenoiserTypeIndirect: 1
    m_PVRDenoiserTypeAO: 1
    m_PVRFilterTypeDirect: 0
    m_PVRFilterTypeIndirect: 0
    m_PVRFilterTypeAO: 0
    m_PVREnvironmentMIS: 1
    m_PVRCulling: 1
    m_PVRFilteringGaussRadiusDirect: 1
    m_PVRFilteringGaussRadiusIndirect: 5
    m_PVRFilteringGaussRadiusAO: 2
    m_PVRFilteringAtrousPositionSigmaDirect: 0.5
    m_PVRFilteringAtrousPositionSigmaIndirect: 2
    m_PVRFilteringAtrousPositionSigmaAO: 1
    m_ExportTrainingData: 0
    m_TrainingDataDestination: TrainingData
    m_LightProbeSampleCountMultiplier: 4
  m_LightingDataAsset: {fileID: 112000000, guid: 3088b619c4337bd4493755cf2e9dd36c,
    type: 2}
  m_UseShadowmask: 1
--- !u!196 &4
NavMeshSettings:
  serializedVersion: 2
  m_ObjectHideFlags: 0
  m_BuildSettings:
    serializedVersion: 2
    agentTypeID: 0
    agentRadius: 0.5
    agentHeight: 2
    agentSlope: 45
    agentClimb: 0.4
    ledgeDropHeight: 0
    maxJumpAcrossDistance: 0
    minRegionArea: 2
    manualCellSize: 0
    cellSize: 0.16666667
    manualTileSize: 0
    tileSize: 256
    accuratePlacement: 0
    debug:
      m_Flags: 0
  m_NavMeshData: {fileID: 0}
--- !u!1001 &118996258
PrefabInstance:
  m_ObjectHideFlags: 0
  serializedVersion: 2
  m_Modification:
    m_TransformParent: {fileID: 0}
    m_Modifications:
    - target: {fileID: 6655124417719472368, guid: 424344acb2e28dc478e7d7de9a32cc6c,
        type: 3}
      propertyPath: m_CullingMask.m_Bits
      value: 1536
      objectReference: {fileID: 0}
    - target: {fileID: 6655124417719472370, guid: 424344acb2e28dc478e7d7de9a32cc6c,
        type: 3}
      propertyPath: m_Name
      value: TVCam
      objectReference: {fileID: 0}
    - target: {fileID: 6655124417719472383, guid: 424344acb2e28dc478e7d7de9a32cc6c,
        type: 3}
      propertyPath: m_RootOrder
      value: 9
      objectReference: {fileID: 0}
    - target: {fileID: 6655124417719472383, guid: 424344acb2e28dc478e7d7de9a32cc6c,
        type: 3}
      propertyPath: m_LocalPosition.x
      value: 251
      objectReference: {fileID: 0}
    - target: {fileID: 6655124417719472383, guid: 424344acb2e28dc478e7d7de9a32cc6c,
        type: 3}
      propertyPath: m_LocalPosition.y
      value: 113
      objectReference: {fileID: 0}
    - target: {fileID: 6655124417719472383, guid: 424344acb2e28dc478e7d7de9a32cc6c,
        type: 3}
      propertyPath: m_LocalPosition.z
      value: 249
      objectReference: {fileID: 0}
    - target: {fileID: 6655124417719472383, guid: 424344acb2e28dc478e7d7de9a32cc6c,
        type: 3}
      propertyPath: m_LocalRotation.w
      value: 0.7071068
      objectReference: {fileID: 0}
    - target: {fileID: 6655124417719472383, guid: 424344acb2e28dc478e7d7de9a32cc6c,
        type: 3}
      propertyPath: m_LocalRotation.x
      value: 0.7071068
      objectReference: {fileID: 0}
    - target: {fileID: 6655124417719472383, guid: 424344acb2e28dc478e7d7de9a32cc6c,
        type: 3}
      propertyPath: m_LocalRotation.y
      value: 0
      objectReference: {fileID: 0}
    - target: {fileID: 6655124417719472383, guid: 424344acb2e28dc478e7d7de9a32cc6c,
        type: 3}
      propertyPath: m_LocalRotation.z
      value: 0
      objectReference: {fileID: 0}
    - target: {fileID: 6655124417719472383, guid: 424344acb2e28dc478e7d7de9a32cc6c,
        type: 3}
      propertyPath: m_LocalEulerAnglesHint.x
      value: 90
      objectReference: {fileID: 0}
    - target: {fileID: 6655124417719472383, guid: 424344acb2e28dc478e7d7de9a32cc6c,
        type: 3}
      propertyPath: m_LocalEulerAnglesHint.y
      value: 0
      objectReference: {fileID: 0}
    - target: {fileID: 6655124417719472383, guid: 424344acb2e28dc478e7d7de9a32cc6c,
        type: 3}
      propertyPath: m_LocalEulerAnglesHint.z
      value: 0
      objectReference: {fileID: 0}
    m_RemovedComponents: []
  m_SourcePrefab: {fileID: 100100000, guid: 424344acb2e28dc478e7d7de9a32cc6c, type: 3}
--- !u!1001 &224303562
PrefabInstance:
  m_ObjectHideFlags: 0
  serializedVersion: 2
  m_Modification:
    m_TransformParent: {fileID: 0}
    m_Modifications:
    - target: {fileID: 547732955283160720, guid: 87df7222fb1b93b4cabe914580c3f0eb,
        type: 3}
      propertyPath: m_Name
      value: GameManager
      objectReference: {fileID: 0}
    - target: {fileID: 547732955283160721, guid: 87df7222fb1b93b4cabe914580c3f0eb,
        type: 3}
      propertyPath: m_RootOrder
      value: 5
      objectReference: {fileID: 0}
    - target: {fileID: 547732955283160721, guid: 87df7222fb1b93b4cabe914580c3f0eb,
        type: 3}
      propertyPath: m_LocalPosition.x
      value: 0
      objectReference: {fileID: 0}
    - target: {fileID: 547732955283160721, guid: 87df7222fb1b93b4cabe914580c3f0eb,
        type: 3}
      propertyPath: m_LocalPosition.y
      value: 0
      objectReference: {fileID: 0}
    - target: {fileID: 547732955283160721, guid: 87df7222fb1b93b4cabe914580c3f0eb,
        type: 3}
      propertyPath: m_LocalPosition.z
      value: 0
      objectReference: {fileID: 0}
    - target: {fileID: 547732955283160721, guid: 87df7222fb1b93b4cabe914580c3f0eb,
        type: 3}
      propertyPath: m_LocalRotation.w
      value: 1
      objectReference: {fileID: 0}
    - target: {fileID: 547732955283160721, guid: 87df7222fb1b93b4cabe914580c3f0eb,
        type: 3}
      propertyPath: m_LocalRotation.x
      value: 0
      objectReference: {fileID: 0}
    - target: {fileID: 547732955283160721, guid: 87df7222fb1b93b4cabe914580c3f0eb,
        type: 3}
      propertyPath: m_LocalRotation.y
      value: 0
      objectReference: {fileID: 0}
    - target: {fileID: 547732955283160721, guid: 87df7222fb1b93b4cabe914580c3f0eb,
        type: 3}
      propertyPath: m_LocalRotation.z
      value: 0
      objectReference: {fileID: 0}
    - target: {fileID: 547732955283160721, guid: 87df7222fb1b93b4cabe914580c3f0eb,
        type: 3}
      propertyPath: m_LocalEulerAnglesHint.x
      value: 0
      objectReference: {fileID: 0}
    - target: {fileID: 547732955283160721, guid: 87df7222fb1b93b4cabe914580c3f0eb,
        type: 3}
      propertyPath: m_LocalEulerAnglesHint.y
      value: 0
      objectReference: {fileID: 0}
    - target: {fileID: 547732955283160721, guid: 87df7222fb1b93b4cabe914580c3f0eb,
        type: 3}
      propertyPath: m_LocalEulerAnglesHint.z
      value: 0
      objectReference: {fileID: 0}
    m_RemovedComponents: []
  m_SourcePrefab: {fileID: 100100000, guid: 87df7222fb1b93b4cabe914580c3f0eb, type: 3}
--- !u!1 &257482857
GameObject:
  m_ObjectHideFlags: 0
  m_CorrespondingSourceObject: {fileID: 0}
  m_PrefabInstance: {fileID: 0}
  m_PrefabAsset: {fileID: 0}
  serializedVersion: 6
  m_Component:
  - component: {fileID: 257482858}
  - component: {fileID: 257482860}
  - component: {fileID: 257482859}
  m_Layer: 9
  m_Name: TundraTerrain
  m_TagString: Obstacle
  m_Icon: {fileID: 0}
  m_NavMeshLayer: 0
  m_StaticEditorFlags: 4294967295
  m_IsActive: 1
--- !u!4 &257482858
Transform:
  m_ObjectHideFlags: 0
  m_CorrespondingSourceObject: {fileID: 0}
  m_PrefabInstance: {fileID: 0}
  m_PrefabAsset: {fileID: 0}
  m_GameObject: {fileID: 257482857}
  m_LocalRotation: {x: -0, y: -0, z: -0, w: 1}
  m_LocalPosition: {x: 0, y: 0, z: 0}
  m_LocalScale: {x: 1, y: 1, z: 1}
  m_Children: []
  m_Father: {fileID: 513617297}
  m_RootOrder: 0
  m_LocalEulerAnglesHint: {x: 0, y: 0, z: 0}
--- !u!154 &257482859
TerrainCollider:
  m_ObjectHideFlags: 0
  m_CorrespondingSourceObject: {fileID: 0}
  m_PrefabInstance: {fileID: 0}
  m_PrefabAsset: {fileID: 0}
  m_GameObject: {fileID: 257482857}
  m_Material: {fileID: 0}
  m_Enabled: 1
  m_TerrainData: {fileID: 15600000, guid: 427cc5c6c82ce4b48ace5890c54b03aa, type: 2}
  m_EnableTreeColliders: 1
--- !u!218 &257482860
Terrain:
  m_ObjectHideFlags: 0
  m_CorrespondingSourceObject: {fileID: 0}
  m_PrefabInstance: {fileID: 0}
  m_PrefabAsset: {fileID: 0}
  m_GameObject: {fileID: 257482857}
  m_Enabled: 1
  serializedVersion: 6
  m_TerrainData: {fileID: 15600000, guid: 427cc5c6c82ce4b48ace5890c54b03aa, type: 2}
  m_TreeDistance: 5000
  m_TreeBillboardDistance: 300
  m_TreeCrossFadeLength: 200
  m_TreeMaximumFullLODCount: 50
  m_DetailObjectDistance: 80
  m_DetailObjectDensity: 1
  m_HeightmapPixelError: 5
  m_SplatMapDistance: 1000
  m_HeightmapMaximumLOD: 0
  m_ShadowCastingMode: 2
  m_DrawHeightmap: 1
  m_DrawInstanced: 1
  m_DrawTreesAndFoliage: 1
  m_ReflectionProbeUsage: 1
  m_MaterialTemplate: {fileID: 10652, guid: 0000000000000000f000000000000000, type: 0}
  m_BakeLightProbesForTrees: 1
  m_PreserveTreePrototypeLayers: 0
  m_DeringLightProbesForTrees: 1
  m_ScaleInLightmap: 0.8
  m_LightmapParameters: {fileID: 15203, guid: 0000000000000000f000000000000000, type: 0}
  m_GroupingID: 0
  m_RenderingLayerMask: 1
  m_AllowAutoConnect: 1
--- !u!1001 &365384114
PrefabInstance:
  m_ObjectHideFlags: 0
  serializedVersion: 2
  m_Modification:
    m_TransformParent: {fileID: 0}
    m_Modifications:
    - target: {fileID: 3663185536842528233, guid: f39e36033a905e54baf8f90e5ff91d9f,
        type: 3}
      propertyPath: m_LocalPosition.y
      value: -23
      objectReference: {fileID: 0}
    - target: {fileID: 3663185536880796335, guid: f39e36033a905e54baf8f90e5ff91d9f,
        type: 3}
      propertyPath: m_LocalPosition.y
      value: -23.52
      objectReference: {fileID: 0}
    - target: {fileID: 3663185536880796335, guid: f39e36033a905e54baf8f90e5ff91d9f,
        type: 3}
      propertyPath: m_LocalPosition.z
      value: -67.9
      objectReference: {fileID: 0}
    - target: {fileID: 3663185537319660529, guid: f39e36033a905e54baf8f90e5ff91d9f,
        type: 3}
      propertyPath: m_Name
      value: SpawnManager
      objectReference: {fileID: 0}
    - target: {fileID: 3663185537319660530, guid: f39e36033a905e54baf8f90e5ff91d9f,
        type: 3}
      propertyPath: m_RootOrder
      value: 6
      objectReference: {fileID: 0}
    - target: {fileID: 3663185537319660530, guid: f39e36033a905e54baf8f90e5ff91d9f,
        type: 3}
      propertyPath: m_LocalPosition.x
      value: 111.6484
      objectReference: {fileID: 0}
    - target: {fileID: 3663185537319660530, guid: f39e36033a905e54baf8f90e5ff91d9f,
        type: 3}
      propertyPath: m_LocalPosition.y
      value: 30.537321
      objectReference: {fileID: 0}
    - target: {fileID: 3663185537319660530, guid: f39e36033a905e54baf8f90e5ff91d9f,
        type: 3}
      propertyPath: m_LocalPosition.z
      value: 327.43927
      objectReference: {fileID: 0}
    - target: {fileID: 3663185537319660530, guid: f39e36033a905e54baf8f90e5ff91d9f,
        type: 3}
      propertyPath: m_LocalRotation.w
      value: 1
      objectReference: {fileID: 0}
    - target: {fileID: 3663185537319660530, guid: f39e36033a905e54baf8f90e5ff91d9f,
        type: 3}
      propertyPath: m_LocalRotation.x
      value: 0
      objectReference: {fileID: 0}
    - target: {fileID: 3663185537319660530, guid: f39e36033a905e54baf8f90e5ff91d9f,
        type: 3}
      propertyPath: m_LocalRotation.y
      value: 0
      objectReference: {fileID: 0}
    - target: {fileID: 3663185537319660530, guid: f39e36033a905e54baf8f90e5ff91d9f,
        type: 3}
      propertyPath: m_LocalRotation.z
      value: 0
      objectReference: {fileID: 0}
    - target: {fileID: 3663185537319660530, guid: f39e36033a905e54baf8f90e5ff91d9f,
        type: 3}
      propertyPath: m_LocalEulerAnglesHint.x
      value: 0
      objectReference: {fileID: 0}
    - target: {fileID: 3663185537319660530, guid: f39e36033a905e54baf8f90e5ff91d9f,
        type: 3}
      propertyPath: m_LocalEulerAnglesHint.y
      value: 0
      objectReference: {fileID: 0}
    - target: {fileID: 3663185537319660530, guid: f39e36033a905e54baf8f90e5ff91d9f,
        type: 3}
      propertyPath: m_LocalEulerAnglesHint.z
      value: 0
      objectReference: {fileID: 0}
    - target: {fileID: 3663185537319660532, guid: f39e36033a905e54baf8f90e5ff91d9f,
        type: 3}
      propertyPath: player
      value: 
      objectReference: {fileID: 639684010}
    - target: {fileID: 3663185537319660532, guid: f39e36033a905e54baf8f90e5ff91d9f,
        type: 3}
      propertyPath: m_Enabled
      value: 1
      objectReference: {fileID: 0}
    m_RemovedComponents: []
  m_SourcePrefab: {fileID: 100100000, guid: f39e36033a905e54baf8f90e5ff91d9f, type: 3}
--- !u!1001 &370742547
PrefabInstance:
  m_ObjectHideFlags: 0
  serializedVersion: 2
  m_Modification:
    m_TransformParent: {fileID: 0}
    m_Modifications:
    - target: {fileID: 100006, guid: 9bbf6bb9a298f734394e7eb668a9d06f, type: 3}
      propertyPath: m_Name
      value: Windmill
      objectReference: {fileID: 0}
    - target: {fileID: 400006, guid: 9bbf6bb9a298f734394e7eb668a9d06f, type: 3}
      propertyPath: m_RootOrder
      value: 3
      objectReference: {fileID: 0}
    - target: {fileID: 400006, guid: 9bbf6bb9a298f734394e7eb668a9d06f, type: 3}
      propertyPath: m_LocalScale.x
      value: 22.600979
      objectReference: {fileID: 0}
    - target: {fileID: 400006, guid: 9bbf6bb9a298f734394e7eb668a9d06f, type: 3}
      propertyPath: m_LocalScale.y
      value: 22.600979
      objectReference: {fileID: 0}
    - target: {fileID: 400006, guid: 9bbf6bb9a298f734394e7eb668a9d06f, type: 3}
      propertyPath: m_LocalScale.z
      value: 22.600979
      objectReference: {fileID: 0}
    - target: {fileID: 400006, guid: 9bbf6bb9a298f734394e7eb668a9d06f, type: 3}
      propertyPath: m_LocalPosition.x
      value: 382.81
      objectReference: {fileID: 0}
    - target: {fileID: 400006, guid: 9bbf6bb9a298f734394e7eb668a9d06f, type: 3}
      propertyPath: m_LocalPosition.y
      value: -0
      objectReference: {fileID: 0}
    - target: {fileID: 400006, guid: 9bbf6bb9a298f734394e7eb668a9d06f, type: 3}
      propertyPath: m_LocalPosition.z
      value: 327.73
      objectReference: {fileID: 0}
    - target: {fileID: 400006, guid: 9bbf6bb9a298f734394e7eb668a9d06f, type: 3}
      propertyPath: m_LocalRotation.w
      value: 0.3578664
      objectReference: {fileID: 0}
    - target: {fileID: 400006, guid: 9bbf6bb9a298f734394e7eb668a9d06f, type: 3}
      propertyPath: m_LocalRotation.x
      value: -0
      objectReference: {fileID: 0}
    - target: {fileID: 400006, guid: 9bbf6bb9a298f734394e7eb668a9d06f, type: 3}
      propertyPath: m_LocalRotation.y
      value: -0.9337728
      objectReference: {fileID: 0}
    - target: {fileID: 400006, guid: 9bbf6bb9a298f734394e7eb668a9d06f, type: 3}
      propertyPath: m_LocalRotation.z
      value: -0
      objectReference: {fileID: 0}
    - target: {fileID: 400006, guid: 9bbf6bb9a298f734394e7eb668a9d06f, type: 3}
      propertyPath: m_LocalEulerAnglesHint.x
      value: 0
      objectReference: {fileID: 0}
    - target: {fileID: 400006, guid: 9bbf6bb9a298f734394e7eb668a9d06f, type: 3}
      propertyPath: m_LocalEulerAnglesHint.y
      value: -138.06201
      objectReference: {fileID: 0}
    - target: {fileID: 400006, guid: 9bbf6bb9a298f734394e7eb668a9d06f, type: 3}
      propertyPath: m_LocalEulerAnglesHint.z
      value: 0
      objectReference: {fileID: 0}
    m_RemovedComponents: []
  m_SourcePrefab: {fileID: 100100000, guid: 9bbf6bb9a298f734394e7eb668a9d06f, type: 3}
--- !u!1 &512561132
GameObject:
  m_ObjectHideFlags: 0
  m_CorrespondingSourceObject: {fileID: 0}
  m_PrefabInstance: {fileID: 0}
  m_PrefabAsset: {fileID: 0}
  serializedVersion: 6
  m_Component:
  - component: {fileID: 512561133}
  - component: {fileID: 512561134}
  m_Layer: 9
  m_Name: Barrier2
  m_TagString: Obstacle
  m_Icon: {fileID: 0}
  m_NavMeshLayer: 0
  m_StaticEditorFlags: 0
  m_IsActive: 1
--- !u!4 &512561133
Transform:
  m_ObjectHideFlags: 0
  m_CorrespondingSourceObject: {fileID: 0}
  m_PrefabInstance: {fileID: 0}
  m_PrefabAsset: {fileID: 0}
  m_GameObject: {fileID: 512561132}
  m_LocalRotation: {x: -0, y: -0, z: -0, w: 1}
  m_LocalPosition: {x: 456.8, y: 1.59, z: 300.3}
  m_LocalScale: {x: 1, y: 1, z: 1}
  m_Children: []
  m_Father: {fileID: 513617297}
  m_RootOrder: 2
  m_LocalEulerAnglesHint: {x: 0, y: 0, z: 0}
--- !u!65 &512561134
BoxCollider:
  m_ObjectHideFlags: 0
  m_CorrespondingSourceObject: {fileID: 0}
  m_PrefabInstance: {fileID: 0}
  m_PrefabAsset: {fileID: 0}
  m_GameObject: {fileID: 512561132}
  m_Material: {fileID: 0}
  m_IsTrigger: 0
  m_Enabled: 1
  serializedVersion: 2
  m_Size: {x: 35.32346, y: 72.91771, z: 541.97815}
  m_Center: {x: 29.349989, y: 35.958855, z: -47.15271}
--- !u!1 &513617295
GameObject:
  m_ObjectHideFlags: 0
  m_CorrespondingSourceObject: {fileID: 0}
  m_PrefabInstance: {fileID: 0}
  m_PrefabAsset: {fileID: 0}
  serializedVersion: 6
  m_Component:
  - component: {fileID: 513617297}
  - component: {fileID: 513617296}
  m_Layer: 9
  m_Name: Tundra
  m_TagString: Obstacle
  m_Icon: {fileID: 0}
  m_NavMeshLayer: 0
  m_StaticEditorFlags: 0
  m_IsActive: 1
--- !u!114 &513617296
MonoBehaviour:
  m_ObjectHideFlags: 0
  m_CorrespondingSourceObject: {fileID: 0}
  m_PrefabInstance: {fileID: 0}
  m_PrefabAsset: {fileID: 0}
  m_GameObject: {fileID: 513617295}
  m_Enabled: 1
  m_EditorHideFlags: 0
  m_Script: {fileID: 11500000, guid: 0ca34a6148db2d54493f84f379293f33, type: 3}
  m_Name: 
  m_EditorClassIdentifier: 
  GroupID: 0
--- !u!4 &513617297
Transform:
  m_ObjectHideFlags: 0
  m_CorrespondingSourceObject: {fileID: 0}
  m_PrefabInstance: {fileID: 0}
  m_PrefabAsset: {fileID: 0}
  m_GameObject: {fileID: 513617295}
  m_LocalRotation: {x: 0, y: 0, z: 0, w: 1}
  m_LocalPosition: {x: 0, y: 0, z: 0}
  m_LocalScale: {x: 1, y: 1, z: 1}
  m_Children:
  - {fileID: 257482858}
  - {fileID: 1554734216}
  - {fileID: 512561133}
  - {fileID: 870136455}
  - {fileID: 1742756978}
  m_Father: {fileID: 0}
  m_RootOrder: 11
  m_LocalEulerAnglesHint: {x: 0, y: 0, z: 0}
--- !u!1001 &639684009
PrefabInstance:
  m_ObjectHideFlags: 0
  serializedVersion: 2
  m_Modification:
    m_TransformParent: {fileID: 0}
    m_Modifications:
    - target: {fileID: 1284322547356040743, guid: 80d2eb9d60d849d499c02576a9fbc4eb,
        type: 3}
      propertyPath: m_RenderingPath
      value: -1
      objectReference: {fileID: 0}
    - target: {fileID: 1284322547356040743, guid: 80d2eb9d60d849d499c02576a9fbc4eb,
        type: 3}
      propertyPath: m_CullingMask.m_Bits
      value: 2871
      objectReference: {fileID: 0}
    - target: {fileID: 3304344413790876408, guid: 80d2eb9d60d849d499c02576a9fbc4eb,
        type: 3}
      propertyPath: m_LocalPosition.z
      value: 0
      objectReference: {fileID: 0}
    - target: {fileID: 8269228434412721072, guid: 80d2eb9d60d849d499c02576a9fbc4eb,
        type: 3}
      propertyPath: m_Enabled
      value: 1
      objectReference: {fileID: 0}
    - target: {fileID: 8526886711994034567, guid: 80d2eb9d60d849d499c02576a9fbc4eb,
        type: 3}
      propertyPath: m_Name
      value: Player
      objectReference: {fileID: 0}
    - target: {fileID: 8526886711994034573, guid: 80d2eb9d60d849d499c02576a9fbc4eb,
        type: 3}
      propertyPath: m_RootOrder
      value: 2
      objectReference: {fileID: 0}
    - target: {fileID: 8526886711994034573, guid: 80d2eb9d60d849d499c02576a9fbc4eb,
        type: 3}
      propertyPath: m_LocalPosition.x
      value: 401.3
      objectReference: {fileID: 0}
    - target: {fileID: 8526886711994034573, guid: 80d2eb9d60d849d499c02576a9fbc4eb,
        type: 3}
      propertyPath: m_LocalPosition.y
      value: 125
      objectReference: {fileID: 0}
    - target: {fileID: 8526886711994034573, guid: 80d2eb9d60d849d499c02576a9fbc4eb,
        type: 3}
      propertyPath: m_LocalPosition.z
      value: 144.4
      objectReference: {fileID: 0}
    - target: {fileID: 8526886711994034573, guid: 80d2eb9d60d849d499c02576a9fbc4eb,
        type: 3}
      propertyPath: m_LocalRotation.w
      value: 1
      objectReference: {fileID: 0}
    - target: {fileID: 8526886711994034573, guid: 80d2eb9d60d849d499c02576a9fbc4eb,
        type: 3}
      propertyPath: m_LocalRotation.x
      value: 0
      objectReference: {fileID: 0}
    - target: {fileID: 8526886711994034573, guid: 80d2eb9d60d849d499c02576a9fbc4eb,
        type: 3}
      propertyPath: m_LocalRotation.y
      value: 0
      objectReference: {fileID: 0}
    - target: {fileID: 8526886711994034573, guid: 80d2eb9d60d849d499c02576a9fbc4eb,
        type: 3}
      propertyPath: m_LocalRotation.z
      value: 0
      objectReference: {fileID: 0}
    - target: {fileID: 8526886711994034573, guid: 80d2eb9d60d849d499c02576a9fbc4eb,
        type: 3}
      propertyPath: m_LocalEulerAnglesHint.x
      value: 0
      objectReference: {fileID: 0}
    - target: {fileID: 8526886711994034573, guid: 80d2eb9d60d849d499c02576a9fbc4eb,
        type: 3}
      propertyPath: m_LocalEulerAnglesHint.y
      value: 0
      objectReference: {fileID: 0}
    - target: {fileID: 8526886711994034573, guid: 80d2eb9d60d849d499c02576a9fbc4eb,
        type: 3}
      propertyPath: m_LocalEulerAnglesHint.z
      value: 0
      objectReference: {fileID: 0}
    m_RemovedComponents: []
  m_SourcePrefab: {fileID: 100100000, guid: 80d2eb9d60d849d499c02576a9fbc4eb, type: 3}
--- !u!1 &639684010 stripped
GameObject:
  m_CorrespondingSourceObject: {fileID: 8526886711994034567, guid: 80d2eb9d60d849d499c02576a9fbc4eb,
    type: 3}
  m_PrefabInstance: {fileID: 639684009}
  m_PrefabAsset: {fileID: 0}
--- !u!1 &870136454
GameObject:
  m_ObjectHideFlags: 0
  m_CorrespondingSourceObject: {fileID: 0}
  m_PrefabInstance: {fileID: 0}
  m_PrefabAsset: {fileID: 0}
  serializedVersion: 6
  m_Component:
  - component: {fileID: 870136455}
  - component: {fileID: 870136456}
  m_Layer: 9
  m_Name: Barrier3
  m_TagString: Obstacle
  m_Icon: {fileID: 0}
  m_NavMeshLayer: 0
  m_StaticEditorFlags: 0
  m_IsActive: 1
--- !u!4 &870136455
Transform:
  m_ObjectHideFlags: 0
  m_CorrespondingSourceObject: {fileID: 0}
  m_PrefabInstance: {fileID: 0}
  m_PrefabAsset: {fileID: 0}
  m_GameObject: {fileID: 870136454}
  m_LocalRotation: {x: -0, y: 0.7071068, z: -0, w: 0.7071068}
  m_LocalPosition: {x: 292.8, y: 1.59, z: 505.1}
  m_LocalScale: {x: 1, y: 1, z: 1}
  m_Children: []
  m_Father: {fileID: 513617297}
  m_RootOrder: 3
  m_LocalEulerAnglesHint: {x: 0, y: 90, z: 0}
--- !u!65 &870136456
BoxCollider:
  m_ObjectHideFlags: 0
  m_CorrespondingSourceObject: {fileID: 0}
  m_PrefabInstance: {fileID: 0}
  m_PrefabAsset: {fileID: 0}
  m_GameObject: {fileID: 870136454}
  m_Material: {fileID: 0}
  m_IsTrigger: 0
  m_Enabled: 1
  serializedVersion: 2
  m_Size: {x: 23.195435, y: 72.91771, z: 541.97815}
  m_Center: {x: 23.285976, y: 35.958855, z: -47.15271}
--- !u!1 &1297328681
GameObject:
  m_ObjectHideFlags: 0
  m_CorrespondingSourceObject: {fileID: 0}
  m_PrefabInstance: {fileID: 0}
  m_PrefabAsset: {fileID: 0}
  serializedVersion: 6
  m_Component:
  - component: {fileID: 1297328683}
  - component: {fileID: 1297328682}
  m_Layer: 0
  m_Name: Directional Light
  m_TagString: Untagged
  m_Icon: {fileID: 0}
  m_NavMeshLayer: 0
  m_StaticEditorFlags: 0
  m_IsActive: 1
--- !u!108 &1297328682
Light:
  m_ObjectHideFlags: 0
  m_CorrespondingSourceObject: {fileID: 0}
  m_PrefabInstance: {fileID: 0}
  m_PrefabAsset: {fileID: 0}
  m_GameObject: {fileID: 1297328681}
  m_Enabled: 1
  serializedVersion: 10
  m_Type: 1
  m_Shape: 0
  m_Color: {r: 1, g: 1, b: 1, a: 1}
  m_Intensity: 1
  m_Range: 10
  m_SpotAngle: 30
  m_InnerSpotAngle: 21.80208
  m_CookieSize: 10
  m_Shadows:
    m_Type: 2
    m_Resolution: -1
    m_CustomResolution: -1
    m_Strength: 1
    m_Bias: 0.1
    m_NormalBias: 0
    m_NearPlane: 0.2
    m_CullingMatrixOverride:
      e00: 1
      e01: 0
      e02: 0
      e03: 0
      e10: 0
      e11: 1
      e12: 0
      e13: 0
      e20: 0
      e21: 0
      e22: 1
      e23: 0
      e30: 0
      e31: 0
      e32: 0
      e33: 1
    m_UseCullingMatrixOverride: 0
  m_Cookie: {fileID: 0}
  m_DrawHalo: 0
  m_Flare: {fileID: 0}
  m_RenderMode: 0
  m_CullingMask:
    serializedVersion: 2
    m_Bits: 4294967295
  m_RenderingLayerMask: 1
  m_Lightmapping: 4
  m_LightShadowCasterMode: 0
  m_AreaSize: {x: 1, y: 1}
  m_BounceIntensity: 1
  m_ColorTemperature: 6570
  m_UseColorTemperature: 0
  m_BoundingSphereOverride: {x: 0, y: 0, z: 0, w: 0}
  m_UseBoundingSphereOverride: 0
  m_ShadowRadius: 0
  m_ShadowAngle: 0
--- !u!4 &1297328683
Transform:
  m_ObjectHideFlags: 0
  m_CorrespondingSourceObject: {fileID: 0}
  m_PrefabInstance: {fileID: 0}
  m_PrefabAsset: {fileID: 0}
  m_GameObject: {fileID: 1297328681}
  m_LocalRotation: {x: 0.3594565, y: 0.47662562, z: -0.22225405, w: 0.77085805}
  m_LocalPosition: {x: 0, y: 348, z: 0}
  m_LocalScale: {x: 1, y: 1, z: 1}
  m_Children: []
  m_Father: {fileID: 0}
  m_RootOrder: 0
  m_LocalEulerAnglesHint: {x: 50.000004, y: 63.457005, z: 0}
--- !u!1001 &1390999265
PrefabInstance:
  m_ObjectHideFlags: 0
  serializedVersion: 2
  m_Modification:
    m_TransformParent: {fileID: 0}
    m_Modifications:
    - target: {fileID: 2699238968184772712, guid: 44c15a90a5cbb824ebd736396e7e8a5e,
        type: 3}
      propertyPath: m_RootOrder
      value: 1
      objectReference: {fileID: 0}
    - target: {fileID: 2699238968184772712, guid: 44c15a90a5cbb824ebd736396e7e8a5e,
        type: 3}
      propertyPath: m_LocalPosition.x
      value: 265.83725
      objectReference: {fileID: 0}
    - target: {fileID: 2699238968184772712, guid: 44c15a90a5cbb824ebd736396e7e8a5e,
        type: 3}
      propertyPath: m_LocalPosition.y
      value: 66.355255
      objectReference: {fileID: 0}
    - target: {fileID: 2699238968184772712, guid: 44c15a90a5cbb824ebd736396e7e8a5e,
        type: 3}
      propertyPath: m_LocalPosition.z
      value: 334.75113
      objectReference: {fileID: 0}
    - target: {fileID: 2699238968184772712, guid: 44c15a90a5cbb824ebd736396e7e8a5e,
        type: 3}
      propertyPath: m_LocalRotation.w
      value: 1
      objectReference: {fileID: 0}
    - target: {fileID: 2699238968184772712, guid: 44c15a90a5cbb824ebd736396e7e8a5e,
        type: 3}
      propertyPath: m_LocalRotation.x
      value: 0
      objectReference: {fileID: 0}
    - target: {fileID: 2699238968184772712, guid: 44c15a90a5cbb824ebd736396e7e8a5e,
        type: 3}
      propertyPath: m_LocalRotation.y
      value: 0
      objectReference: {fileID: 0}
    - target: {fileID: 2699238968184772712, guid: 44c15a90a5cbb824ebd736396e7e8a5e,
        type: 3}
      propertyPath: m_LocalRotation.z
      value: 0
      objectReference: {fileID: 0}
    - target: {fileID: 2699238968184772712, guid: 44c15a90a5cbb824ebd736396e7e8a5e,
        type: 3}
      propertyPath: m_LocalEulerAnglesHint.x
      value: 0
      objectReference: {fileID: 0}
    - target: {fileID: 2699238968184772712, guid: 44c15a90a5cbb824ebd736396e7e8a5e,
        type: 3}
      propertyPath: m_LocalEulerAnglesHint.y
      value: 0
      objectReference: {fileID: 0}
    - target: {fileID: 2699238968184772712, guid: 44c15a90a5cbb824ebd736396e7e8a5e,
        type: 3}
      propertyPath: m_LocalEulerAnglesHint.z
      value: 0
      objectReference: {fileID: 0}
    - target: {fileID: 2699238968184772714, guid: 44c15a90a5cbb824ebd736396e7e8a5e,
        type: 3}
      propertyPath: m_Name
      value: AmbientalLightManager
      objectReference: {fileID: 0}
    - target: {fileID: 2699238968184772715, guid: 44c15a90a5cbb824ebd736396e7e8a5e,
        type: 3}
      propertyPath: dirLight
      value: 
      objectReference: {fileID: 1297328682}
    m_RemovedComponents: []
  m_SourcePrefab: {fileID: 100100000, guid: 44c15a90a5cbb824ebd736396e7e8a5e, type: 3}
--- !u!1001 &1444830741
PrefabInstance:
  m_ObjectHideFlags: 0
  serializedVersion: 2
  m_Modification:
    m_TransformParent: {fileID: 0}
    m_Modifications:
    - target: {fileID: 2866926467493184638, guid: 8bacb50ba6f73fc4bb667fc0f16bb025,
        type: 3}
      propertyPath: m_RootOrder
      value: 4
      objectReference: {fileID: 0}
    - target: {fileID: 2866926467493184638, guid: 8bacb50ba6f73fc4bb667fc0f16bb025,
        type: 3}
      propertyPath: m_LocalPosition.x
      value: 376
      objectReference: {fileID: 0}
    - target: {fileID: 2866926467493184638, guid: 8bacb50ba6f73fc4bb667fc0f16bb025,
        type: 3}
      propertyPath: m_LocalPosition.y
      value: 1.96
      objectReference: {fileID: 0}
    - target: {fileID: 2866926467493184638, guid: 8bacb50ba6f73fc4bb667fc0f16bb025,
        type: 3}
      propertyPath: m_LocalPosition.z
      value: 324
      objectReference: {fileID: 0}
    - target: {fileID: 2866926467493184638, guid: 8bacb50ba6f73fc4bb667fc0f16bb025,
        type: 3}
      propertyPath: m_LocalRotation.w
      value: 1
      objectReference: {fileID: 0}
    - target: {fileID: 2866926467493184638, guid: 8bacb50ba6f73fc4bb667fc0f16bb025,
        type: 3}
      propertyPath: m_LocalRotation.x
      value: 0
      objectReference: {fileID: 0}
    - target: {fileID: 2866926467493184638, guid: 8bacb50ba6f73fc4bb667fc0f16bb025,
        type: 3}
      propertyPath: m_LocalRotation.y
      value: 0
      objectReference: {fileID: 0}
    - target: {fileID: 2866926467493184638, guid: 8bacb50ba6f73fc4bb667fc0f16bb025,
        type: 3}
      propertyPath: m_LocalRotation.z
      value: 0
      objectReference: {fileID: 0}
    - target: {fileID: 2866926467493184638, guid: 8bacb50ba6f73fc4bb667fc0f16bb025,
        type: 3}
      propertyPath: m_LocalEulerAnglesHint.x
      value: 0
      objectReference: {fileID: 0}
    - target: {fileID: 2866926467493184638, guid: 8bacb50ba6f73fc4bb667fc0f16bb025,
        type: 3}
      propertyPath: m_LocalEulerAnglesHint.y
      value: 0
      objectReference: {fileID: 0}
    - target: {fileID: 2866926467493184638, guid: 8bacb50ba6f73fc4bb667fc0f16bb025,
        type: 3}
      propertyPath: m_LocalEulerAnglesHint.z
      value: 0
      objectReference: {fileID: 0}
    - target: {fileID: 2866926467493184639, guid: 8bacb50ba6f73fc4bb667fc0f16bb025,
        type: 3}
      propertyPath: m_Name
      value: ExtractZone
      objectReference: {fileID: 0}
    - target: {fileID: 2908419886266658246, guid: 8bacb50ba6f73fc4bb667fc0f16bb025,
        type: 3}
      propertyPath: m_Radius
      value: 7.661723
      objectReference: {fileID: 0}
    - target: {fileID: 2908419886266658246, guid: 8bacb50ba6f73fc4bb667fc0f16bb025,
        type: 3}
      propertyPath: m_Center.x
      value: 5.958577
      objectReference: {fileID: 0}
    - target: {fileID: 2908419886266658246, guid: 8bacb50ba6f73fc4bb667fc0f16bb025,
        type: 3}
      propertyPath: m_Center.y
      value: -0.042856216
      objectReference: {fileID: 0}
    - target: {fileID: 2908419886266658246, guid: 8bacb50ba6f73fc4bb667fc0f16bb025,
        type: 3}
      propertyPath: m_Center.z
      value: -1.2460032
      objectReference: {fileID: 0}
    - target: {fileID: 4271045024257436806, guid: 8bacb50ba6f73fc4bb667fc0f16bb025,
        type: 3}
      propertyPath: m_IsTrigger
      value: 1
      objectReference: {fileID: 0}
    m_RemovedComponents: []
  m_SourcePrefab: {fileID: 100100000, guid: 8bacb50ba6f73fc4bb667fc0f16bb025, type: 3}
--- !u!1001 &1530647558
PrefabInstance:
  m_ObjectHideFlags: 0
  serializedVersion: 2
  m_Modification:
    m_TransformParent: {fileID: 0}
    m_Modifications:
    - target: {fileID: 8325682353553962988, guid: 9c3e0fc4aab39bb4f91092de25bc2f3f,
        type: 3}
      propertyPath: m_RootOrder
      value: 10
      objectReference: {fileID: 0}
    - target: {fileID: 8325682353553962988, guid: 9c3e0fc4aab39bb4f91092de25bc2f3f,
        type: 3}
      propertyPath: m_LocalPosition.x
      value: 333.07816
      objectReference: {fileID: 0}
    - target: {fileID: 8325682353553962988, guid: 9c3e0fc4aab39bb4f91092de25bc2f3f,
        type: 3}
      propertyPath: m_LocalPosition.y
      value: 6.529666
      objectReference: {fileID: 0}
    - target: {fileID: 8325682353553962988, guid: 9c3e0fc4aab39bb4f91092de25bc2f3f,
        type: 3}
      propertyPath: m_LocalPosition.z
      value: 229.33447
      objectReference: {fileID: 0}
    - target: {fileID: 8325682353553962988, guid: 9c3e0fc4aab39bb4f91092de25bc2f3f,
        type: 3}
      propertyPath: m_LocalRotation.w
      value: 1
      objectReference: {fileID: 0}
    - target: {fileID: 8325682353553962988, guid: 9c3e0fc4aab39bb4f91092de25bc2f3f,
        type: 3}
      propertyPath: m_LocalRotation.x
      value: -0
      objectReference: {fileID: 0}
    - target: {fileID: 8325682353553962988, guid: 9c3e0fc4aab39bb4f91092de25bc2f3f,
        type: 3}
      propertyPath: m_LocalRotation.y
      value: -0
      objectReference: {fileID: 0}
    - target: {fileID: 8325682353553962988, guid: 9c3e0fc4aab39bb4f91092de25bc2f3f,
        type: 3}
      propertyPath: m_LocalRotation.z
      value: -0
      objectReference: {fileID: 0}
    - target: {fileID: 8325682353553962988, guid: 9c3e0fc4aab39bb4f91092de25bc2f3f,
        type: 3}
      propertyPath: m_LocalEulerAnglesHint.x
      value: 0
      objectReference: {fileID: 0}
    - target: {fileID: 8325682353553962988, guid: 9c3e0fc4aab39bb4f91092de25bc2f3f,
        type: 3}
      propertyPath: m_LocalEulerAnglesHint.y
      value: 0
      objectReference: {fileID: 0}
    - target: {fileID: 8325682353553962988, guid: 9c3e0fc4aab39bb4f91092de25bc2f3f,
        type: 3}
      propertyPath: m_LocalEulerAnglesHint.z
      value: 0
      objectReference: {fileID: 0}
    - target: {fileID: 8325682353553962990, guid: 9c3e0fc4aab39bb4f91092de25bc2f3f,
        type: 3}
      propertyPath: m_Name
      value: Volume
      objectReference: {fileID: 0}
    m_RemovedComponents: []
  m_SourcePrefab: {fileID: 100100000, guid: 9c3e0fc4aab39bb4f91092de25bc2f3f, type: 3}
--- !u!1 &1554734215
GameObject:
  m_ObjectHideFlags: 0
  m_CorrespondingSourceObject: {fileID: 0}
  m_PrefabInstance: {fileID: 0}
  m_PrefabAsset: {fileID: 0}
  serializedVersion: 6
  m_Component:
  - component: {fileID: 1554734216}
  - component: {fileID: 1554734217}
  m_Layer: 9
  m_Name: Barrier1
  m_TagString: Obstacle
  m_Icon: {fileID: 0}
  m_NavMeshLayer: 0
  m_StaticEditorFlags: 0
  m_IsActive: 1
--- !u!4 &1554734216
Transform:
  m_ObjectHideFlags: 0
  m_CorrespondingSourceObject: {fileID: 0}
  m_PrefabInstance: {fileID: 0}
  m_PrefabAsset: {fileID: 0}
  m_GameObject: {fileID: 1554734215}
  m_LocalRotation: {x: -0, y: -0, z: -0, w: 1}
  m_LocalPosition: {x: 4.8, y: 1.59, z: 300.3}
  m_LocalScale: {x: 1, y: 1, z: 1}
  m_Children: []
  m_Father: {fileID: 513617297}
  m_RootOrder: 1
  m_LocalEulerAnglesHint: {x: 0, y: 0, z: 0}
--- !u!65 &1554734217
BoxCollider:
  m_ObjectHideFlags: 0
  m_CorrespondingSourceObject: {fileID: 0}
  m_PrefabInstance: {fileID: 0}
  m_PrefabAsset: {fileID: 0}
  m_GameObject: {fileID: 1554734215}
  m_Material: {fileID: 0}
  m_IsTrigger: 0
  m_Enabled: 1
  serializedVersion: 2
  m_Size: {x: 23.195435, y: 72.91771, z: 541.97815}
  m_Center: {x: 23.285976, y: 35.958855, z: -47.15271}
--- !u!1 &1587172427
GameObject:
  m_ObjectHideFlags: 0
  m_CorrespondingSourceObject: {fileID: 0}
  m_PrefabInstance: {fileID: 0}
  m_PrefabAsset: {fileID: 0}
  serializedVersion: 6
  m_Component:
  - component: {fileID: 1587172429}
  - component: {fileID: 1587172428}
  m_Layer: 0
  m_Name: EnvironmentalSound
  m_TagString: Untagged
  m_Icon: {fileID: 0}
  m_NavMeshLayer: 0
  m_StaticEditorFlags: 0
  m_IsActive: 1
--- !u!82 &1587172428
AudioSource:
  m_ObjectHideFlags: 0
  m_CorrespondingSourceObject: {fileID: 0}
  m_PrefabInstance: {fileID: 0}
  m_PrefabAsset: {fileID: 0}
  m_GameObject: {fileID: 1587172427}
  m_Enabled: 1
  serializedVersion: 4
  OutputAudioMixerGroup: {fileID: -1603887870110984179, guid: ef9a5da6f506752448c07062b561f562,
    type: 2}
  m_audioClip: {fileID: 8300000, guid: 660790bb19a97eb4581a05d90c81f369, type: 3}
  m_PlayOnAwake: 1
  m_Volume: 1
  m_Pitch: 1
  Loop: 1
  Mute: 0
  Spatialize: 0
  SpatializePostEffects: 0
  Priority: 128
  DopplerLevel: 1
  MinDistance: 1
  MaxDistance: 500
  Pan2D: 0
  rolloffMode: 0
  BypassEffects: 0
  BypassListenerEffects: 0
  BypassReverbZones: 0
  rolloffCustomCurve:
    serializedVersion: 2
    m_Curve:
    - serializedVersion: 3
      time: 0
      value: 1
      inSlope: 0
      outSlope: 0
      tangentMode: 0
      weightedMode: 0
      inWeight: 0.33333334
      outWeight: 0.33333334
    - serializedVersion: 3
      time: 1
      value: 0
      inSlope: 0
      outSlope: 0
      tangentMode: 0
      weightedMode: 0
      inWeight: 0.33333334
      outWeight: 0.33333334
    m_PreInfinity: 2
    m_PostInfinity: 2
    m_RotationOrder: 4
  panLevelCustomCurve:
    serializedVersion: 2
    m_Curve:
    - serializedVersion: 3
      time: 0
      value: 0
      inSlope: 0
      outSlope: 0
      tangentMode: 0
      weightedMode: 0
      inWeight: 0.33333334
      outWeight: 0.33333334
    m_PreInfinity: 2
    m_PostInfinity: 2
    m_RotationOrder: 4
  spreadCustomCurve:
    serializedVersion: 2
    m_Curve:
    - serializedVersion: 3
      time: 0
      value: 0
      inSlope: 0
      outSlope: 0
      tangentMode: 0
      weightedMode: 0
      inWeight: 0.33333334
      outWeight: 0.33333334
    m_PreInfinity: 2
    m_PostInfinity: 2
    m_RotationOrder: 4
  reverbZoneMixCustomCurve:
    serializedVersion: 2
    m_Curve:
    - serializedVersion: 3
      time: 0
      value: 1
      inSlope: 0
      outSlope: 0
      tangentMode: 0
      weightedMode: 0
      inWeight: 0.33333334
      outWeight: 0.33333334
    m_PreInfinity: 2
    m_PostInfinity: 2
    m_RotationOrder: 4
--- !u!4 &1587172429
Transform:
  m_ObjectHideFlags: 0
  m_CorrespondingSourceObject: {fileID: 0}
  m_PrefabInstance: {fileID: 0}
  m_PrefabAsset: {fileID: 0}
  m_GameObject: {fileID: 1587172427}
  m_LocalRotation: {x: 0, y: 0, z: 0, w: 1}
  m_LocalPosition: {x: 333.07816, y: 6.529666, z: 229.33447}
  m_LocalScale: {x: 1, y: 1, z: 1}
  m_Children: []
  m_Father: {fileID: 0}
  m_RootOrder: 12
  m_LocalEulerAnglesHint: {x: 0, y: 0, z: 0}
--- !u!1001 &1673459214
PrefabInstance:
  m_ObjectHideFlags: 0
  serializedVersion: 2
  m_Modification:
    m_TransformParent: {fileID: 0}
    m_Modifications:
    - target: {fileID: 4598619348258088105, guid: 61b968fe3447cfd439358cd7248c0831,
        type: 3}
      propertyPath: m_Name
      value: NhulGenerator
      objectReference: {fileID: 0}
    - target: {fileID: 4598619348258088105, guid: 61b968fe3447cfd439358cd7248c0831,
        type: 3}
      propertyPath: m_IsActive
      value: 1
      objectReference: {fileID: 0}
    - target: {fileID: 4598619348258088107, guid: 61b968fe3447cfd439358cd7248c0831,
        type: 3}
      propertyPath: m_RootOrder
      value: 7
      objectReference: {fileID: 0}
    - target: {fileID: 4598619348258088107, guid: 61b968fe3447cfd439358cd7248c0831,
        type: 3}
      propertyPath: m_LocalPosition.x
      value: 0
      objectReference: {fileID: 0}
    - target: {fileID: 4598619348258088107, guid: 61b968fe3447cfd439358cd7248c0831,
        type: 3}
      propertyPath: m_LocalPosition.y
      value: 0
      objectReference: {fileID: 0}
    - target: {fileID: 4598619348258088107, guid: 61b968fe3447cfd439358cd7248c0831,
        type: 3}
      propertyPath: m_LocalPosition.z
      value: 0
      objectReference: {fileID: 0}
    - target: {fileID: 4598619348258088107, guid: 61b968fe3447cfd439358cd7248c0831,
        type: 3}
      propertyPath: m_LocalRotation.w
      value: 1
      objectReference: {fileID: 0}
    - target: {fileID: 4598619348258088107, guid: 61b968fe3447cfd439358cd7248c0831,
        type: 3}
      propertyPath: m_LocalRotation.x
      value: -0
      objectReference: {fileID: 0}
    - target: {fileID: 4598619348258088107, guid: 61b968fe3447cfd439358cd7248c0831,
        type: 3}
      propertyPath: m_LocalRotation.y
      value: -0
      objectReference: {fileID: 0}
    - target: {fileID: 4598619348258088107, guid: 61b968fe3447cfd439358cd7248c0831,
        type: 3}
      propertyPath: m_LocalRotation.z
      value: -0
      objectReference: {fileID: 0}
    - target: {fileID: 4598619348258088107, guid: 61b968fe3447cfd439358cd7248c0831,
        type: 3}
      propertyPath: m_LocalEulerAnglesHint.x
      value: 0
      objectReference: {fileID: 0}
    - target: {fileID: 4598619348258088107, guid: 61b968fe3447cfd439358cd7248c0831,
        type: 3}
      propertyPath: m_LocalEulerAnglesHint.y
      value: 0
      objectReference: {fileID: 0}
    - target: {fileID: 4598619348258088107, guid: 61b968fe3447cfd439358cd7248c0831,
        type: 3}
      propertyPath: m_LocalEulerAnglesHint.z
      value: 0
      objectReference: {fileID: 0}
    m_RemovedComponents: []
  m_SourcePrefab: {fileID: 100100000, guid: 61b968fe3447cfd439358cd7248c0831, type: 3}
--- !u!1 &1742756977
GameObject:
  m_ObjectHideFlags: 0
  m_CorrespondingSourceObject: {fileID: 0}
  m_PrefabInstance: {fileID: 0}
  m_PrefabAsset: {fileID: 0}
  serializedVersion: 6
  m_Component:
  - component: {fileID: 1742756978}
  - component: {fileID: 1742756979}
  m_Layer: 9
  m_Name: Barrier4
  m_TagString: Obstacle
  m_Icon: {fileID: 0}
  m_NavMeshLayer: 0
  m_StaticEditorFlags: 0
  m_IsActive: 1
--- !u!4 &1742756978
Transform:
  m_ObjectHideFlags: 0
  m_CorrespondingSourceObject: {fileID: 0}
  m_PrefabInstance: {fileID: 0}
  m_PrefabAsset: {fileID: 0}
  m_GameObject: {fileID: 1742756977}
  m_LocalRotation: {x: -0, y: 0.7071068, z: -0, w: 0.7071068}
  m_LocalPosition: {x: 292.8, y: 1.59, z: 42.1}
  m_LocalScale: {x: 1, y: 1, z: 1}
  m_Children: []
  m_Father: {fileID: 513617297}
  m_RootOrder: 4
  m_LocalEulerAnglesHint: {x: 0, y: 90, z: 0}
--- !u!65 &1742756979
BoxCollider:
  m_ObjectHideFlags: 0
  m_CorrespondingSourceObject: {fileID: 0}
  m_PrefabInstance: {fileID: 0}
  m_PrefabAsset: {fileID: 0}
  m_GameObject: {fileID: 1742756977}
  m_Material: {fileID: 0}
  m_IsTrigger: 0
  m_Enabled: 1
  serializedVersion: 2
  m_Size: {x: 23.195435, y: 72.91771, z: 541.97815}
  m_Center: {x: 23.285976, y: 35.958855, z: -47.15271}
--- !u!1001 &1808372780
PrefabInstance:
  m_ObjectHideFlags: 0
  serializedVersion: 2
  m_Modification:
    m_TransformParent: {fileID: 0}
    m_Modifications:
    - target: {fileID: 6621791797471967168, guid: 0f872679afb8eee48813f0f9d1b13900,
        type: 3}
      propertyPath: m_RootOrder
      value: 8
      objectReference: {fileID: 0}
    - target: {fileID: 6621791797471967168, guid: 0f872679afb8eee48813f0f9d1b13900,
        type: 3}
      propertyPath: m_LocalPosition.x
      value: 378.2
      objectReference: {fileID: 0}
    - target: {fileID: 6621791797471967168, guid: 0f872679afb8eee48813f0f9d1b13900,
        type: 3}
      propertyPath: m_LocalPosition.y
      value: 1.57
      objectReference: {fileID: 0}
    - target: {fileID: 6621791797471967168, guid: 0f872679afb8eee48813f0f9d1b13900,
        type: 3}
      propertyPath: m_LocalPosition.z
      value: 322.13
      objectReference: {fileID: 0}
    - target: {fileID: 6621791797471967168, guid: 0f872679afb8eee48813f0f9d1b13900,
        type: 3}
      propertyPath: m_LocalRotation.w
      value: 0.6785849
      objectReference: {fileID: 0}
    - target: {fileID: 6621791797471967168, guid: 0f872679afb8eee48813f0f9d1b13900,
        type: 3}
      propertyPath: m_LocalRotation.x
      value: -0.68224406
      objectReference: {fileID: 0}
    - target: {fileID: 6621791797471967168, guid: 0f872679afb8eee48813f0f9d1b13900,
        type: 3}
      propertyPath: m_LocalRotation.y
      value: -0.19525899
      objectReference: {fileID: 0}
    - target: {fileID: 6621791797471967168, guid: 0f872679afb8eee48813f0f9d1b13900,
        type: 3}
      propertyPath: m_LocalRotation.z
      value: 0.1895774
      objectReference: {fileID: 0}
    - target: {fileID: 6621791797471967168, guid: 0f872679afb8eee48813f0f9d1b13900,
        type: 3}
      propertyPath: m_LocalEulerAnglesHint.x
      value: -58.418003
      objectReference: {fileID: 0}
    - target: {fileID: 6621791797471967168, guid: 0f872679afb8eee48813f0f9d1b13900,
        type: 3}
      propertyPath: m_LocalEulerAnglesHint.y
      value: -90.784004
      objectReference: {fileID: 0}
    - target: {fileID: 6621791797471967168, guid: 0f872679afb8eee48813f0f9d1b13900,
        type: 3}
      propertyPath: m_LocalEulerAnglesHint.z
      value: 90.30601
      objectReference: {fileID: 0}
    - target: {fileID: 6625312589127733256, guid: 0f872679afb8eee48813f0f9d1b13900,
        type: 3}
      propertyPath: m_Name
      value: SmokeEffect
      objectReference: {fileID: 0}
    m_RemovedComponents: []
  m_SourcePrefab: {fileID: 100100000, guid: 0f872679afb8eee48813f0f9d1b13900, type: 3}
