%YAML 1.1
%TAG !u! tag:unity3d.com,2011:
--- !u!29 &1
OcclusionCullingSettings:
  m_ObjectHideFlags: 0
  serializedVersion: 2
  m_OcclusionBakeSettings:
    smallestOccluder: 5
    smallestHole: 0.25
    backfaceThreshold: 100
  m_SceneGUID: 00000000000000000000000000000000
  m_OcclusionCullingData: {fileID: 0}
--- !u!104 &2
RenderSettings:
  m_ObjectHideFlags: 0
  serializedVersion: 9
  m_Fog: 1
  m_FogColor: {r: 0.5, g: 0.5, b: 0.5, a: 1}
  m_FogMode: 3
  m_FogDensity: 0.005
  m_LinearFogStart: 0
  m_LinearFogEnd: 300
  m_AmbientSkyColor: {r: 0.212, g: 0.227, b: 0.259, a: 1}
  m_AmbientEquatorColor: {r: 0.114, g: 0.125, b: 0.133, a: 1}
  m_AmbientGroundColor: {r: 0.047, g: 0.043, b: 0.035, a: 1}
  m_AmbientIntensity: 1.1
  m_AmbientMode: 0
  m_SubtractiveShadowColor: {r: 0.42, g: 0.478, b: 0.627, a: 1}
  m_SkyboxMaterial: {fileID: 2100000, guid: 897a1f4cf52565044acf6fe1e19b0504, type: 2}
  m_HaloStrength: 0.5
  m_FlareStrength: 1
  m_FlareFadeSpeed: 3
  m_HaloTexture: {fileID: 0}
  m_SpotCookie: {fileID: 10001, guid: 0000000000000000e000000000000000, type: 0}
  m_DefaultReflectionMode: 0
  m_DefaultReflectionResolution: 128
  m_ReflectionBounces: 1
  m_ReflectionIntensity: 1
  m_CustomReflection: {fileID: 0}
  m_Sun: {fileID: 0}
  m_IndirectSpecularColor: {r: 0.49531227, g: 0.5054237, b: 0.50403553, a: 1}
  m_UseRadianceAmbientProbe: 0
--- !u!157 &3
LightmapSettings:
  m_ObjectHideFlags: 0
  serializedVersion: 11
  m_GIWorkflowMode: 0
  m_GISettings:
    serializedVersion: 2
    m_BounceScale: 1
    m_IndirectOutputScale: 1
    m_AlbedoBoost: 1
    m_EnvironmentLightingMode: 0
    m_EnableBakedLightmaps: 0
    m_EnableRealtimeLightmaps: 0
  m_LightmapEditorSettings:
    serializedVersion: 12
    m_Resolution: 2
    m_BakeResolution: 40
    m_AtlasSize: 1024
    m_AO: 0
    m_AOMaxDistance: 1
    m_CompAOExponent: 1
    m_CompAOExponentDirect: 0
    m_ExtractAmbientOcclusion: 0
    m_Padding: 2
    m_LightmapParameters: {fileID: 0}
    m_LightmapsBakeMode: 1
    m_TextureCompression: 1
    m_FinalGather: 0
    m_FinalGatherFiltering: 1
    m_FinalGatherRayCount: 256
    m_ReflectionCompression: 2
    m_MixedBakeMode: 2
    m_BakeBackend: 1
    m_PVRSampling: 1
    m_PVRDirectSampleCount: 32
    m_PVRSampleCount: 512
    m_PVRBounces: 2
    m_PVREnvironmentSampleCount: 256
    m_PVREnvironmentReferencePointCount: 2048
    m_PVRFilteringMode: 1
    m_PVRDenoiserTypeDirect: 1
    m_PVRDenoiserTypeIndirect: 1
    m_PVRDenoiserTypeAO: 1
    m_PVRFilterTypeDirect: 0
    m_PVRFilterTypeIndirect: 0
    m_PVRFilterTypeAO: 0
    m_PVREnvironmentMIS: 1
    m_PVRCulling: 1
    m_PVRFilteringGaussRadiusDirect: 1
    m_PVRFilteringGaussRadiusIndirect: 5
    m_PVRFilteringGaussRadiusAO: 2
    m_PVRFilteringAtrousPositionSigmaDirect: 0.5
    m_PVRFilteringAtrousPositionSigmaIndirect: 2
    m_PVRFilteringAtrousPositionSigmaAO: 1
    m_ExportTrainingData: 0
    m_TrainingDataDestination: TrainingData
    m_LightProbeSampleCountMultiplier: 4
  m_LightingDataAsset: {fileID: 0}
  m_UseShadowmask: 1
--- !u!196 &4
NavMeshSettings:
  serializedVersion: 2
  m_ObjectHideFlags: 0
  m_BuildSettings:
    serializedVersion: 2
    agentTypeID: 0
    agentRadius: 2.5
    agentHeight: 2.5
    agentSlope: 60
    agentClimb: 0.6
    ledgeDropHeight: 1
    maxJumpAcrossDistance: 0
    minRegionArea: 2
    manualCellSize: 0
    cellSize: 0.8333333
    manualTileSize: 0
    tileSize: 256
    accuratePlacement: 0
    debug:
      m_Flags: 0
  m_NavMeshData: {fileID: 23800000, guid: acf23981f27bf9f448f75a01ab16626e, type: 2}
--- !u!1001 &78898164
PrefabInstance:
  m_ObjectHideFlags: 0
  serializedVersion: 2
  m_Modification:
    m_TransformParent: {fileID: 1096730507}
    m_Modifications:
    - target: {fileID: 1449422709408954, guid: 44b2d3a52e392d44382e3b13747093f2, type: 3}
      propertyPath: m_Name
      value: FX_Rain
      objectReference: {fileID: 0}
    - target: {fileID: 4285948525356844, guid: 44b2d3a52e392d44382e3b13747093f2, type: 3}
      propertyPath: m_RootOrder
      value: 0
      objectReference: {fileID: 0}
    - target: {fileID: 4285948525356844, guid: 44b2d3a52e392d44382e3b13747093f2, type: 3}
      propertyPath: m_LocalScale.x
      value: 0.9109313
      objectReference: {fileID: 0}
    - target: {fileID: 4285948525356844, guid: 44b2d3a52e392d44382e3b13747093f2, type: 3}
      propertyPath: m_LocalScale.y
      value: 0.9109313
      objectReference: {fileID: 0}
    - target: {fileID: 4285948525356844, guid: 44b2d3a52e392d44382e3b13747093f2, type: 3}
      propertyPath: m_LocalScale.z
      value: 0.9109313
      objectReference: {fileID: 0}
    - target: {fileID: 4285948525356844, guid: 44b2d3a52e392d44382e3b13747093f2, type: 3}
      propertyPath: m_LocalPosition.x
      value: -21.77945
      objectReference: {fileID: 0}
    - target: {fileID: 4285948525356844, guid: 44b2d3a52e392d44382e3b13747093f2, type: 3}
      propertyPath: m_LocalPosition.y
      value: 129.65675
      objectReference: {fileID: 0}
    - target: {fileID: 4285948525356844, guid: 44b2d3a52e392d44382e3b13747093f2, type: 3}
      propertyPath: m_LocalPosition.z
      value: -13.948532
      objectReference: {fileID: 0}
    - target: {fileID: 4285948525356844, guid: 44b2d3a52e392d44382e3b13747093f2, type: 3}
      propertyPath: m_LocalRotation.w
      value: 1
      objectReference: {fileID: 0}
    - target: {fileID: 4285948525356844, guid: 44b2d3a52e392d44382e3b13747093f2, type: 3}
      propertyPath: m_LocalRotation.x
      value: -0
      objectReference: {fileID: 0}
    - target: {fileID: 4285948525356844, guid: 44b2d3a52e392d44382e3b13747093f2, type: 3}
      propertyPath: m_LocalRotation.y
      value: -0
      objectReference: {fileID: 0}
    - target: {fileID: 4285948525356844, guid: 44b2d3a52e392d44382e3b13747093f2, type: 3}
      propertyPath: m_LocalRotation.z
      value: -0
      objectReference: {fileID: 0}
    - target: {fileID: 4285948525356844, guid: 44b2d3a52e392d44382e3b13747093f2, type: 3}
      propertyPath: m_LocalEulerAnglesHint.x
      value: 0
      objectReference: {fileID: 0}
    - target: {fileID: 4285948525356844, guid: 44b2d3a52e392d44382e3b13747093f2, type: 3}
      propertyPath: m_LocalEulerAnglesHint.y
      value: 0
      objectReference: {fileID: 0}
    - target: {fileID: 4285948525356844, guid: 44b2d3a52e392d44382e3b13747093f2, type: 3}
      propertyPath: m_LocalEulerAnglesHint.z
      value: 0
      objectReference: {fileID: 0}
    - target: {fileID: 198790989158332426, guid: 44b2d3a52e392d44382e3b13747093f2,
        type: 3}
      propertyPath: VelocityModule.y.scalar
      value: -100
      objectReference: {fileID: 0}
    - target: {fileID: 198790989158332426, guid: 44b2d3a52e392d44382e3b13747093f2,
        type: 3}
      propertyPath: InitialModule.maxNumParticles
      value: 500000
      objectReference: {fileID: 0}
    - target: {fileID: 198790989158332426, guid: 44b2d3a52e392d44382e3b13747093f2,
        type: 3}
      propertyPath: EmissionModule.rateOverTime.scalar
      value: 50000
      objectReference: {fileID: 0}
    - target: {fileID: 198790989158332426, guid: 44b2d3a52e392d44382e3b13747093f2,
        type: 3}
      propertyPath: InitialModule.gravityModifier.scalar
      value: 10
      objectReference: {fileID: 0}
    - target: {fileID: 199587323252562732, guid: 44b2d3a52e392d44382e3b13747093f2,
        type: 3}
      propertyPath: m_Materials.Array.size
      value: 1
      objectReference: {fileID: 0}
    m_RemovedComponents: []
  m_SourcePrefab: {fileID: 100100000, guid: 44b2d3a52e392d44382e3b13747093f2, type: 3}
--- !u!1001 &121356398
PrefabInstance:
  m_ObjectHideFlags: 0
  serializedVersion: 2
  m_Modification:
    m_TransformParent: {fileID: 0}
    m_Modifications:
    - target: {fileID: 1927246636466814438, guid: 35de420b17628e34baa440927426cf4f,
        type: 3}
      propertyPath: m_RootOrder
      value: 2
      objectReference: {fileID: 0}
    - target: {fileID: 1927246636466814438, guid: 35de420b17628e34baa440927426cf4f,
        type: 3}
      propertyPath: m_LocalPosition.x
      value: 244.95071
      objectReference: {fileID: 0}
    - target: {fileID: 1927246636466814438, guid: 35de420b17628e34baa440927426cf4f,
        type: 3}
      propertyPath: m_LocalPosition.y
      value: 0.0000038146973
      objectReference: {fileID: 0}
    - target: {fileID: 1927246636466814438, guid: 35de420b17628e34baa440927426cf4f,
        type: 3}
      propertyPath: m_LocalPosition.z
      value: 123.17595
      objectReference: {fileID: 0}
    - target: {fileID: 1927246636466814438, guid: 35de420b17628e34baa440927426cf4f,
        type: 3}
      propertyPath: m_LocalRotation.w
      value: 1
      objectReference: {fileID: 0}
    - target: {fileID: 1927246636466814438, guid: 35de420b17628e34baa440927426cf4f,
        type: 3}
      propertyPath: m_LocalRotation.x
      value: 0
      objectReference: {fileID: 0}
    - target: {fileID: 1927246636466814438, guid: 35de420b17628e34baa440927426cf4f,
        type: 3}
      propertyPath: m_LocalRotation.y
      value: 0
      objectReference: {fileID: 0}
    - target: {fileID: 1927246636466814438, guid: 35de420b17628e34baa440927426cf4f,
        type: 3}
      propertyPath: m_LocalRotation.z
      value: 0
      objectReference: {fileID: 0}
    - target: {fileID: 1927246636466814438, guid: 35de420b17628e34baa440927426cf4f,
        type: 3}
      propertyPath: m_LocalEulerAnglesHint.x
      value: 0
      objectReference: {fileID: 0}
    - target: {fileID: 1927246636466814438, guid: 35de420b17628e34baa440927426cf4f,
        type: 3}
      propertyPath: m_LocalEulerAnglesHint.y
      value: 0
      objectReference: {fileID: 0}
    - target: {fileID: 1927246636466814438, guid: 35de420b17628e34baa440927426cf4f,
        type: 3}
      propertyPath: m_LocalEulerAnglesHint.z
      value: 0
      objectReference: {fileID: 0}
    - target: {fileID: 1927246636466840006, guid: 35de420b17628e34baa440927426cf4f,
        type: 3}
      propertyPath: m_Name
      value: Egg_Green
      objectReference: {fileID: 0}
    m_RemovedComponents: []
  m_SourcePrefab: {fileID: 100100000, guid: 35de420b17628e34baa440927426cf4f, type: 3}
--- !u!1001 &229704270
PrefabInstance:
  m_ObjectHideFlags: 0
  serializedVersion: 2
  m_Modification:
    m_TransformParent: {fileID: 0}
    m_Modifications:
    - target: {fileID: 1927246636466814438, guid: 35de420b17628e34baa440927426cf4f,
        type: 3}
      propertyPath: m_RootOrder
      value: 1
      objectReference: {fileID: 0}
    - target: {fileID: 1927246636466814438, guid: 35de420b17628e34baa440927426cf4f,
        type: 3}
      propertyPath: m_LocalPosition.x
      value: 143.97118
      objectReference: {fileID: 0}
    - target: {fileID: 1927246636466814438, guid: 35de420b17628e34baa440927426cf4f,
        type: 3}
      propertyPath: m_LocalPosition.y
      value: -0.0000038146973
      objectReference: {fileID: 0}
    - target: {fileID: 1927246636466814438, guid: 35de420b17628e34baa440927426cf4f,
        type: 3}
      propertyPath: m_LocalPosition.z
      value: 126.76439
      objectReference: {fileID: 0}
    - target: {fileID: 1927246636466814438, guid: 35de420b17628e34baa440927426cf4f,
        type: 3}
      propertyPath: m_LocalRotation.w
      value: 1
      objectReference: {fileID: 0}
    - target: {fileID: 1927246636466814438, guid: 35de420b17628e34baa440927426cf4f,
        type: 3}
      propertyPath: m_LocalRotation.x
      value: 0
      objectReference: {fileID: 0}
    - target: {fileID: 1927246636466814438, guid: 35de420b17628e34baa440927426cf4f,
        type: 3}
      propertyPath: m_LocalRotation.y
      value: 0
      objectReference: {fileID: 0}
    - target: {fileID: 1927246636466814438, guid: 35de420b17628e34baa440927426cf4f,
        type: 3}
      propertyPath: m_LocalRotation.z
      value: 0
      objectReference: {fileID: 0}
    - target: {fileID: 1927246636466814438, guid: 35de420b17628e34baa440927426cf4f,
        type: 3}
      propertyPath: m_LocalEulerAnglesHint.x
      value: 0
      objectReference: {fileID: 0}
    - target: {fileID: 1927246636466814438, guid: 35de420b17628e34baa440927426cf4f,
        type: 3}
      propertyPath: m_LocalEulerAnglesHint.y
      value: 0
      objectReference: {fileID: 0}
    - target: {fileID: 1927246636466814438, guid: 35de420b17628e34baa440927426cf4f,
        type: 3}
      propertyPath: m_LocalEulerAnglesHint.z
      value: 0
      objectReference: {fileID: 0}
    - target: {fileID: 1927246636466840006, guid: 35de420b17628e34baa440927426cf4f,
        type: 3}
      propertyPath: m_Name
      value: Egg_Green (1)
      objectReference: {fileID: 0}
    m_RemovedComponents: []
  m_SourcePrefab: {fileID: 100100000, guid: 35de420b17628e34baa440927426cf4f, type: 3}
--- !u!1001 &434938314
PrefabInstance:
  m_ObjectHideFlags: 0
  serializedVersion: 2
  m_Modification:
    m_TransformParent: {fileID: 0}
    m_Modifications:
    - target: {fileID: 339889784730743911, guid: d68321a73cfd69b4aa0053a29ea9c617,
        type: 3}
      propertyPath: m_RootOrder
      value: 3
      objectReference: {fileID: 0}
    - target: {fileID: 339889784730743911, guid: d68321a73cfd69b4aa0053a29ea9c617,
        type: 3}
      propertyPath: m_LocalPosition.x
      value: 195.64923
      objectReference: {fileID: 0}
    - target: {fileID: 339889784730743911, guid: d68321a73cfd69b4aa0053a29ea9c617,
        type: 3}
      propertyPath: m_LocalPosition.y
      value: 0
      objectReference: {fileID: 0}
    - target: {fileID: 339889784730743911, guid: d68321a73cfd69b4aa0053a29ea9c617,
        type: 3}
      propertyPath: m_LocalPosition.z
      value: 90.61114
      objectReference: {fileID: 0}
    - target: {fileID: 339889784730743911, guid: d68321a73cfd69b4aa0053a29ea9c617,
        type: 3}
      propertyPath: m_LocalRotation.w
      value: 1
      objectReference: {fileID: 0}
    - target: {fileID: 339889784730743911, guid: d68321a73cfd69b4aa0053a29ea9c617,
        type: 3}
      propertyPath: m_LocalRotation.x
      value: 0
      objectReference: {fileID: 0}
    - target: {fileID: 339889784730743911, guid: d68321a73cfd69b4aa0053a29ea9c617,
        type: 3}
      propertyPath: m_LocalRotation.y
      value: 0
      objectReference: {fileID: 0}
    - target: {fileID: 339889784730743911, guid: d68321a73cfd69b4aa0053a29ea9c617,
        type: 3}
      propertyPath: m_LocalRotation.z
      value: 0
      objectReference: {fileID: 0}
    - target: {fileID: 339889784730743911, guid: d68321a73cfd69b4aa0053a29ea9c617,
        type: 3}
      propertyPath: m_LocalEulerAnglesHint.x
      value: 0
      objectReference: {fileID: 0}
    - target: {fileID: 339889784730743911, guid: d68321a73cfd69b4aa0053a29ea9c617,
        type: 3}
      propertyPath: m_LocalEulerAnglesHint.y
      value: 0
      objectReference: {fileID: 0}
    - target: {fileID: 339889784730743911, guid: d68321a73cfd69b4aa0053a29ea9c617,
        type: 3}
      propertyPath: m_LocalEulerAnglesHint.z
      value: 0
      objectReference: {fileID: 0}
    - target: {fileID: 339889784731166791, guid: d68321a73cfd69b4aa0053a29ea9c617,
        type: 3}
      propertyPath: m_Name
      value: Egg_Red
      objectReference: {fileID: 0}
    m_RemovedComponents: []
  m_SourcePrefab: {fileID: 100100000, guid: d68321a73cfd69b4aa0053a29ea9c617, type: 3}
--- !u!1001 &478626169
PrefabInstance:
  m_ObjectHideFlags: 0
  serializedVersion: 2
  m_Modification:
    m_TransformParent: {fileID: 0}
    m_Modifications:
    - target: {fileID: 242159571558498459, guid: 8d9297763f41c0446984f144dc427d66,
        type: 3}
      propertyPath: m_RootOrder
      value: 6
      objectReference: {fileID: 0}
    - target: {fileID: 242159571558498459, guid: 8d9297763f41c0446984f144dc427d66,
        type: 3}
      propertyPath: m_LocalPosition.x
      value: 251.11952
      objectReference: {fileID: 0}
    - target: {fileID: 242159571558498459, guid: 8d9297763f41c0446984f144dc427d66,
        type: 3}
      propertyPath: m_LocalPosition.y
      value: 2
      objectReference: {fileID: 0}
    - target: {fileID: 242159571558498459, guid: 8d9297763f41c0446984f144dc427d66,
        type: 3}
      propertyPath: m_LocalPosition.z
      value: 195.61371
      objectReference: {fileID: 0}
    - target: {fileID: 242159571558498459, guid: 8d9297763f41c0446984f144dc427d66,
        type: 3}
      propertyPath: m_LocalRotation.w
      value: 1
      objectReference: {fileID: 0}
    - target: {fileID: 242159571558498459, guid: 8d9297763f41c0446984f144dc427d66,
        type: 3}
      propertyPath: m_LocalRotation.x
      value: 0
      objectReference: {fileID: 0}
    - target: {fileID: 242159571558498459, guid: 8d9297763f41c0446984f144dc427d66,
        type: 3}
      propertyPath: m_LocalRotation.y
      value: 0
      objectReference: {fileID: 0}
    - target: {fileID: 242159571558498459, guid: 8d9297763f41c0446984f144dc427d66,
        type: 3}
      propertyPath: m_LocalRotation.z
      value: 0
      objectReference: {fileID: 0}
    - target: {fileID: 242159571558498459, guid: 8d9297763f41c0446984f144dc427d66,
        type: 3}
      propertyPath: m_LocalEulerAnglesHint.x
      value: 0
      objectReference: {fileID: 0}
    - target: {fileID: 242159571558498459, guid: 8d9297763f41c0446984f144dc427d66,
        type: 3}
      propertyPath: m_LocalEulerAnglesHint.y
      value: 0
      objectReference: {fileID: 0}
    - target: {fileID: 242159571558498459, guid: 8d9297763f41c0446984f144dc427d66,
        type: 3}
      propertyPath: m_LocalEulerAnglesHint.z
      value: 0
      objectReference: {fileID: 0}
    - target: {fileID: 6909837644657948466, guid: 8d9297763f41c0446984f144dc427d66,
        type: 3}
      propertyPath: m_Name
      value: DangerZone
      objectReference: {fileID: 0}
    - target: {fileID: 6909837644657948466, guid: 8d9297763f41c0446984f144dc427d66,
        type: 3}
      propertyPath: m_IsActive
      value: 0
      objectReference: {fileID: 0}
    m_RemovedComponents: []
  m_SourcePrefab: {fileID: 100100000, guid: 8d9297763f41c0446984f144dc427d66, type: 3}
--- !u!1001 &482163359
PrefabInstance:
  m_ObjectHideFlags: 0
  serializedVersion: 2
  m_Modification:
    m_TransformParent: {fileID: 0}
    m_Modifications:
    - target: {fileID: 2699238968184772712, guid: 44c15a90a5cbb824ebd736396e7e8a5e,
        type: 3}
      propertyPath: m_RootOrder
      value: 15
      objectReference: {fileID: 0}
    - target: {fileID: 2699238968184772712, guid: 44c15a90a5cbb824ebd736396e7e8a5e,
        type: 3}
      propertyPath: m_LocalPosition.x
      value: 265.83725
      objectReference: {fileID: 0}
    - target: {fileID: 2699238968184772712, guid: 44c15a90a5cbb824ebd736396e7e8a5e,
        type: 3}
      propertyPath: m_LocalPosition.y
      value: 66.355255
      objectReference: {fileID: 0}
    - target: {fileID: 2699238968184772712, guid: 44c15a90a5cbb824ebd736396e7e8a5e,
        type: 3}
      propertyPath: m_LocalPosition.z
      value: 334.75113
      objectReference: {fileID: 0}
    - target: {fileID: 2699238968184772712, guid: 44c15a90a5cbb824ebd736396e7e8a5e,
        type: 3}
      propertyPath: m_LocalRotation.w
      value: 1
      objectReference: {fileID: 0}
    - target: {fileID: 2699238968184772712, guid: 44c15a90a5cbb824ebd736396e7e8a5e,
        type: 3}
      propertyPath: m_LocalRotation.x
      value: 0
      objectReference: {fileID: 0}
    - target: {fileID: 2699238968184772712, guid: 44c15a90a5cbb824ebd736396e7e8a5e,
        type: 3}
      propertyPath: m_LocalRotation.y
      value: 0
      objectReference: {fileID: 0}
    - target: {fileID: 2699238968184772712, guid: 44c15a90a5cbb824ebd736396e7e8a5e,
        type: 3}
      propertyPath: m_LocalRotation.z
      value: 0
      objectReference: {fileID: 0}
    - target: {fileID: 2699238968184772712, guid: 44c15a90a5cbb824ebd736396e7e8a5e,
        type: 3}
      propertyPath: m_LocalEulerAnglesHint.x
      value: 0
      objectReference: {fileID: 0}
    - target: {fileID: 2699238968184772712, guid: 44c15a90a5cbb824ebd736396e7e8a5e,
        type: 3}
      propertyPath: m_LocalEulerAnglesHint.y
      value: 0
      objectReference: {fileID: 0}
    - target: {fileID: 2699238968184772712, guid: 44c15a90a5cbb824ebd736396e7e8a5e,
        type: 3}
      propertyPath: m_LocalEulerAnglesHint.z
      value: 0
      objectReference: {fileID: 0}
    - target: {fileID: 2699238968184772714, guid: 44c15a90a5cbb824ebd736396e7e8a5e,
        type: 3}
      propertyPath: m_Name
      value: AmbientalLightManager
      objectReference: {fileID: 0}
    - target: {fileID: 2699238968184772715, guid: 44c15a90a5cbb824ebd736396e7e8a5e,
        type: 3}
      propertyPath: dirLight
      value: 
      objectReference: {fileID: 824867782}
    - target: {fileID: 2699238968184772715, guid: 44c15a90a5cbb824ebd736396e7e8a5e,
        type: 3}
      propertyPath: forceNight
      value: 1
      objectReference: {fileID: 0}
    m_RemovedComponents: []
  m_SourcePrefab: {fileID: 100100000, guid: 44c15a90a5cbb824ebd736396e7e8a5e, type: 3}
--- !u!4 &577199226 stripped
Transform:
  m_CorrespondingSourceObject: {fileID: 4285948525356844, guid: 44b2d3a52e392d44382e3b13747093f2,
    type: 3}
  m_PrefabInstance: {fileID: 78898164}
  m_PrefabAsset: {fileID: 0}
--- !u!1 &656811048
GameObject:
  m_ObjectHideFlags: 0
  m_CorrespondingSourceObject: {fileID: 0}
  m_PrefabInstance: {fileID: 0}
  m_PrefabAsset: {fileID: 0}
  serializedVersion: 6
  m_Component:
  - component: {fileID: 656811050}
  - component: {fileID: 656811049}
  m_Layer: 0
  m_Name: EnvironmentalSound
  m_TagString: Untagged
  m_Icon: {fileID: 0}
  m_NavMeshLayer: 0
  m_StaticEditorFlags: 0
  m_IsActive: 0
--- !u!82 &656811049
AudioSource:
  m_ObjectHideFlags: 0
  m_CorrespondingSourceObject: {fileID: 0}
  m_PrefabInstance: {fileID: 0}
  m_PrefabAsset: {fileID: 0}
  m_GameObject: {fileID: 656811048}
  m_Enabled: 1
  serializedVersion: 4
  OutputAudioMixerGroup: {fileID: -1603887870110984179, guid: ef9a5da6f506752448c07062b561f562,
    type: 2}
  m_audioClip: {fileID: 8300000, guid: 660790bb19a97eb4581a05d90c81f369, type: 3}
  m_PlayOnAwake: 1
  m_Volume: 1
  m_Pitch: 1
  Loop: 1
  Mute: 0
  Spatialize: 0
  SpatializePostEffects: 0
  Priority: 128
  DopplerLevel: 1
  MinDistance: 1
  MaxDistance: 500
  Pan2D: 0
  rolloffMode: 0
  BypassEffects: 0
  BypassListenerEffects: 0
  BypassReverbZones: 0
  rolloffCustomCurve:
    serializedVersion: 2
    m_Curve:
    - serializedVersion: 3
      time: 0
      value: 1
      inSlope: 0
      outSlope: 0
      tangentMode: 0
      weightedMode: 0
      inWeight: 0.33333334
      outWeight: 0.33333334
    - serializedVersion: 3
      time: 1
      value: 0
      inSlope: 0
      outSlope: 0
      tangentMode: 0
      weightedMode: 0
      inWeight: 0.33333334
      outWeight: 0.33333334
    m_PreInfinity: 2
    m_PostInfinity: 2
    m_RotationOrder: 4
  panLevelCustomCurve:
    serializedVersion: 2
    m_Curve:
    - serializedVersion: 3
      time: 0
      value: 0
      inSlope: 0
      outSlope: 0
      tangentMode: 0
      weightedMode: 0
      inWeight: 0.33333334
      outWeight: 0.33333334
    m_PreInfinity: 2
    m_PostInfinity: 2
    m_RotationOrder: 4
  spreadCustomCurve:
    serializedVersion: 2
    m_Curve:
    - serializedVersion: 3
      time: 0
      value: 0
      inSlope: 0
      outSlope: 0
      tangentMode: 0
      weightedMode: 0
      inWeight: 0.33333334
      outWeight: 0.33333334
    m_PreInfinity: 2
    m_PostInfinity: 2
    m_RotationOrder: 4
  reverbZoneMixCustomCurve:
    serializedVersion: 2
    m_Curve:
    - serializedVersion: 3
      time: 0
      value: 1
      inSlope: 0
      outSlope: 0
      tangentMode: 0
      weightedMode: 0
      inWeight: 0.33333334
      outWeight: 0.33333334
    m_PreInfinity: 2
    m_PostInfinity: 2
    m_RotationOrder: 4
--- !u!4 &656811050
Transform:
  m_ObjectHideFlags: 0
  m_CorrespondingSourceObject: {fileID: 0}
  m_PrefabInstance: {fileID: 0}
  m_PrefabAsset: {fileID: 0}
  m_GameObject: {fileID: 656811048}
  m_LocalRotation: {x: 0, y: 0, z: 0, w: 1}
  m_LocalPosition: {x: 333.07816, y: 6.529666, z: 229.33447}
  m_LocalScale: {x: 1, y: 1, z: 1}
  m_Children: []
  m_Father: {fileID: 0}
  m_RootOrder: 18
  m_LocalEulerAnglesHint: {x: 0, y: 0, z: 0}
--- !u!1 &755160057 stripped
GameObject:
  m_CorrespondingSourceObject: {fileID: 1783563462218004, guid: 7f931d4b5c97d194d8726ddf5acdd440,
    type: 3}
  m_PrefabInstance: {fileID: 1472557486}
  m_PrefabAsset: {fileID: 0}
--- !u!82 &755160058
AudioSource:
  m_ObjectHideFlags: 0
  m_CorrespondingSourceObject: {fileID: 0}
  m_PrefabInstance: {fileID: 0}
  m_PrefabAsset: {fileID: 0}
  m_GameObject: {fileID: 755160057}
  m_Enabled: 1
  serializedVersion: 4
  OutputAudioMixerGroup: {fileID: -5644479691555690753, guid: ef9a5da6f506752448c07062b561f562,
    type: 2}
  m_audioClip: {fileID: 8300000, guid: 5cb94398931191240a586a2294a2002a, type: 3}
  m_PlayOnAwake: 0
  m_Volume: 1
  m_Pitch: 1
  Loop: 0
  Mute: 0
  Spatialize: 0
  SpatializePostEffects: 0
  Priority: 128
  DopplerLevel: 1
  MinDistance: 1
  MaxDistance: 500
  Pan2D: 0
  rolloffMode: 0
  BypassEffects: 0
  BypassListenerEffects: 0
  BypassReverbZones: 0
  rolloffCustomCurve:
    serializedVersion: 2
    m_Curve:
    - serializedVersion: 3
      time: 0
      value: 1
      inSlope: 0
      outSlope: 0
      tangentMode: 0
      weightedMode: 0
      inWeight: 0.33333334
      outWeight: 0.33333334
    - serializedVersion: 3
      time: 1
      value: 0
      inSlope: 0
      outSlope: 0
      tangentMode: 0
      weightedMode: 0
      inWeight: 0.33333334
      outWeight: 0.33333334
    m_PreInfinity: 2
    m_PostInfinity: 2
    m_RotationOrder: 4
  panLevelCustomCurve:
    serializedVersion: 2
    m_Curve:
    - serializedVersion: 3
      time: 0
      value: 0
      inSlope: 0
      outSlope: 0
      tangentMode: 0
      weightedMode: 0
      inWeight: 0.33333334
      outWeight: 0.33333334
    m_PreInfinity: 2
    m_PostInfinity: 2
    m_RotationOrder: 4
  spreadCustomCurve:
    serializedVersion: 2
    m_Curve:
    - serializedVersion: 3
      time: 0
      value: 0
      inSlope: 0
      outSlope: 0
      tangentMode: 0
      weightedMode: 0
      inWeight: 0.33333334
      outWeight: 0.33333334
    m_PreInfinity: 2
    m_PostInfinity: 2
    m_RotationOrder: 4
  reverbZoneMixCustomCurve:
    serializedVersion: 2
    m_Curve:
    - serializedVersion: 3
      time: 0
      value: 1
      inSlope: 0
      outSlope: 0
      tangentMode: 0
      weightedMode: 0
      inWeight: 0.33333334
      outWeight: 0.33333334
    m_PreInfinity: 2
    m_PostInfinity: 2
    m_RotationOrder: 4
--- !u!1 &790415372
GameObject:
  m_ObjectHideFlags: 0
  m_CorrespondingSourceObject: {fileID: 0}
  m_PrefabInstance: {fileID: 0}
  m_PrefabAsset: {fileID: 0}
  serializedVersion: 6
  m_Component:
  - component: {fileID: 790415374}
  - component: {fileID: 790415373}
  m_Layer: 9
  m_Name: Barrier4
  m_TagString: Obstacle
  m_Icon: {fileID: 0}
  m_NavMeshLayer: 0
  m_StaticEditorFlags: 0
  m_IsActive: 1
--- !u!65 &790415373
BoxCollider:
  m_ObjectHideFlags: 0
  m_CorrespondingSourceObject: {fileID: 0}
  m_PrefabInstance: {fileID: 0}
  m_PrefabAsset: {fileID: 0}
  m_GameObject: {fileID: 790415372}
  m_Material: {fileID: 0}
  m_IsTrigger: 0
  m_Enabled: 1
  serializedVersion: 2
  m_Size: {x: 23.195435, y: 72.91771, z: 541.97815}
  m_Center: {x: 23.285976, y: 35.958855, z: -47.15271}
--- !u!4 &790415374
Transform:
  m_ObjectHideFlags: 0
  m_CorrespondingSourceObject: {fileID: 0}
  m_PrefabInstance: {fileID: 0}
  m_PrefabAsset: {fileID: 0}
  m_GameObject: {fileID: 790415372}
  m_LocalRotation: {x: -0, y: 0.7071068, z: -0, w: 0.7071068}
  m_LocalPosition: {x: 292.8, y: 1.59, z: 42.1}
  m_LocalScale: {x: 1, y: 1, z: 1}
  m_Children: []
  m_Father: {fileID: 2132230701}
  m_RootOrder: 4
  m_LocalEulerAnglesHint: {x: 0, y: 90, z: 0}
--- !u!1 &824867781
GameObject:
  m_ObjectHideFlags: 0
  m_CorrespondingSourceObject: {fileID: 0}
  m_PrefabInstance: {fileID: 0}
  m_PrefabAsset: {fileID: 0}
  serializedVersion: 6
  m_Component:
  - component: {fileID: 824867783}
  - component: {fileID: 824867782}
  m_Layer: 0
  m_Name: Directional Light
  m_TagString: Untagged
  m_Icon: {fileID: 0}
  m_NavMeshLayer: 0
  m_StaticEditorFlags: 0
  m_IsActive: 1
--- !u!108 &824867782
Light:
  m_ObjectHideFlags: 0
  m_CorrespondingSourceObject: {fileID: 0}
  m_PrefabInstance: {fileID: 0}
  m_PrefabAsset: {fileID: 0}
  m_GameObject: {fileID: 824867781}
  m_Enabled: 1
  serializedVersion: 10
  m_Type: 1
  m_Shape: 0
  m_Color: {r: 1, g: 1, b: 1, a: 1}
  m_Intensity: 1
  m_Range: 10
  m_SpotAngle: 30
  m_InnerSpotAngle: 21.80208
  m_CookieSize: 10
  m_Shadows:
    m_Type: 2
    m_Resolution: -1
    m_CustomResolution: -1
    m_Strength: 1
    m_Bias: 0.1
    m_NormalBias: 0
    m_NearPlane: 0.2
    m_CullingMatrixOverride:
      e00: 1
      e01: 0
      e02: 0
      e03: 0
      e10: 0
      e11: 1
      e12: 0
      e13: 0
      e20: 0
      e21: 0
      e22: 1
      e23: 0
      e30: 0
      e31: 0
      e32: 0
      e33: 1
    m_UseCullingMatrixOverride: 0
  m_Cookie: {fileID: 0}
  m_DrawHalo: 0
  m_Flare: {fileID: 0}
  m_RenderMode: 0
  m_CullingMask:
    serializedVersion: 2
    m_Bits: 4294967295
  m_RenderingLayerMask: 1
  m_Lightmapping: 4
  m_LightShadowCasterMode: 0
  m_AreaSize: {x: 1, y: 1}
  m_BounceIntensity: 1
  m_ColorTemperature: 6570
  m_UseColorTemperature: 0
  m_BoundingSphereOverride: {x: 0, y: 0, z: 0, w: 0}
  m_UseBoundingSphereOverride: 0
  m_ShadowRadius: 0
  m_ShadowAngle: 0
--- !u!4 &824867783
Transform:
  m_ObjectHideFlags: 0
  m_CorrespondingSourceObject: {fileID: 0}
  m_PrefabInstance: {fileID: 0}
  m_PrefabAsset: {fileID: 0}
  m_GameObject: {fileID: 824867781}
  m_LocalRotation: {x: 0.3594565, y: 0.47662562, z: -0.22225405, w: 0.77085805}
  m_LocalPosition: {x: 0, y: 348, z: 0}
  m_LocalScale: {x: 1, y: 1, z: 1}
  m_Children: []
  m_Father: {fileID: 0}
  m_RootOrder: 0
  m_LocalEulerAnglesHint: {x: 50.000004, y: 63.457005, z: 0}
--- !u!1001 &1035626718
PrefabInstance:
  m_ObjectHideFlags: 0
  serializedVersion: 2
  m_Modification:
    m_TransformParent: {fileID: 0}
    m_Modifications:
    - target: {fileID: 1284322547356040743, guid: 80d2eb9d60d849d499c02576a9fbc4eb,
        type: 3}
      propertyPath: m_RenderingPath
      value: -1
      objectReference: {fileID: 0}
    - target: {fileID: 1284322547356040743, guid: 80d2eb9d60d849d499c02576a9fbc4eb,
        type: 3}
      propertyPath: m_CullingMask.m_Bits
      value: 2871
      objectReference: {fileID: 0}
    - target: {fileID: 3304344413790876408, guid: 80d2eb9d60d849d499c02576a9fbc4eb,
        type: 3}
      propertyPath: m_LocalPosition.z
      value: 0
      objectReference: {fileID: 0}
    - target: {fileID: 8526886711994034567, guid: 80d2eb9d60d849d499c02576a9fbc4eb,
        type: 3}
      propertyPath: m_Name
      value: Player
      objectReference: {fileID: 0}
    - target: {fileID: 8526886711994034573, guid: 80d2eb9d60d849d499c02576a9fbc4eb,
        type: 3}
      propertyPath: m_RootOrder
      value: 14
      objectReference: {fileID: 0}
    - target: {fileID: 8526886711994034573, guid: 80d2eb9d60d849d499c02576a9fbc4eb,
        type: 3}
      propertyPath: m_LocalPosition.x
      value: 401.3
      objectReference: {fileID: 0}
    - target: {fileID: 8526886711994034573, guid: 80d2eb9d60d849d499c02576a9fbc4eb,
        type: 3}
      propertyPath: m_LocalPosition.y
      value: 125
      objectReference: {fileID: 0}
    - target: {fileID: 8526886711994034573, guid: 80d2eb9d60d849d499c02576a9fbc4eb,
        type: 3}
      propertyPath: m_LocalPosition.z
      value: 144.4
      objectReference: {fileID: 0}
    - target: {fileID: 8526886711994034573, guid: 80d2eb9d60d849d499c02576a9fbc4eb,
        type: 3}
      propertyPath: m_LocalRotation.w
      value: 1
      objectReference: {fileID: 0}
    - target: {fileID: 8526886711994034573, guid: 80d2eb9d60d849d499c02576a9fbc4eb,
        type: 3}
      propertyPath: m_LocalRotation.x
      value: 0
      objectReference: {fileID: 0}
    - target: {fileID: 8526886711994034573, guid: 80d2eb9d60d849d499c02576a9fbc4eb,
        type: 3}
      propertyPath: m_LocalRotation.y
      value: 0
      objectReference: {fileID: 0}
    - target: {fileID: 8526886711994034573, guid: 80d2eb9d60d849d499c02576a9fbc4eb,
        type: 3}
      propertyPath: m_LocalRotation.z
      value: 0
      objectReference: {fileID: 0}
    - target: {fileID: 8526886711994034573, guid: 80d2eb9d60d849d499c02576a9fbc4eb,
        type: 3}
      propertyPath: m_LocalEulerAnglesHint.x
      value: 0
      objectReference: {fileID: 0}
    - target: {fileID: 8526886711994034573, guid: 80d2eb9d60d849d499c02576a9fbc4eb,
        type: 3}
      propertyPath: m_LocalEulerAnglesHint.y
      value: 0
      objectReference: {fileID: 0}
    - target: {fileID: 8526886711994034573, guid: 80d2eb9d60d849d499c02576a9fbc4eb,
        type: 3}
      propertyPath: m_LocalEulerAnglesHint.z
      value: 0
      objectReference: {fileID: 0}
    m_RemovedComponents: []
  m_SourcePrefab: {fileID: 100100000, guid: 80d2eb9d60d849d499c02576a9fbc4eb, type: 3}
--- !u!1 &1096730505
GameObject:
  m_ObjectHideFlags: 0
  m_CorrespondingSourceObject: {fileID: 0}
  m_PrefabInstance: {fileID: 0}
  m_PrefabAsset: {fileID: 0}
  serializedVersion: 6
  m_Component:
  - component: {fileID: 1096730507}
  - component: {fileID: 1096730506}
  m_Layer: 0
  m_Name: Rain
  m_TagString: Untagged
  m_Icon: {fileID: 0}
  m_NavMeshLayer: 0
  m_StaticEditorFlags: 0
  m_IsActive: 1
--- !u!82 &1096730506
AudioSource:
  m_ObjectHideFlags: 0
  m_CorrespondingSourceObject: {fileID: 0}
  m_PrefabInstance: {fileID: 0}
  m_PrefabAsset: {fileID: 0}
  m_GameObject: {fileID: 1096730505}
  m_Enabled: 1
  serializedVersion: 4
  OutputAudioMixerGroup: {fileID: -1603887870110984179, guid: ef9a5da6f506752448c07062b561f562,
    type: 2}
  m_audioClip: {fileID: 8300000, guid: d6c27e93829700b42970b610184f97f0, type: 3}
  m_PlayOnAwake: 1
  m_Volume: 0.897
  m_Pitch: 1
  Loop: 1
  Mute: 0
  Spatialize: 0
  SpatializePostEffects: 0
  Priority: 128
  DopplerLevel: 1
  MinDistance: 1
  MaxDistance: 500
  Pan2D: 0
  rolloffMode: 0
  BypassEffects: 0
  BypassListenerEffects: 0
  BypassReverbZones: 0
  rolloffCustomCurve:
    serializedVersion: 2
    m_Curve:
    - serializedVersion: 3
      time: 0
      value: 1
      inSlope: 0
      outSlope: 0
      tangentMode: 0
      weightedMode: 0
      inWeight: 0.33333334
      outWeight: 0.33333334
    - serializedVersion: 3
      time: 1
      value: 0
      inSlope: 0
      outSlope: 0
      tangentMode: 0
      weightedMode: 0
      inWeight: 0.33333334
      outWeight: 0.33333334
    m_PreInfinity: 2
    m_PostInfinity: 2
    m_RotationOrder: 4
  panLevelCustomCurve:
    serializedVersion: 2
    m_Curve:
    - serializedVersion: 3
      time: 0
      value: 0
      inSlope: 0
      outSlope: 0
      tangentMode: 0
      weightedMode: 0
      inWeight: 0.33333334
      outWeight: 0.33333334
    m_PreInfinity: 2
    m_PostInfinity: 2
    m_RotationOrder: 4
  spreadCustomCurve:
    serializedVersion: 2
    m_Curve:
    - serializedVersion: 3
      time: 0
      value: 0
      inSlope: 0
      outSlope: 0
      tangentMode: 0
      weightedMode: 0
      inWeight: 0.33333334
      outWeight: 0.33333334
    m_PreInfinity: 2
    m_PostInfinity: 2
    m_RotationOrder: 4
  reverbZoneMixCustomCurve:
    serializedVersion: 2
    m_Curve:
    - serializedVersion: 3
      time: 0
      value: 1
      inSlope: 0
      outSlope: 0
      tangentMode: 0
      weightedMode: 0
      inWeight: 0.33333334
      outWeight: 0.33333334
    m_PreInfinity: 2
    m_PostInfinity: 2
    m_RotationOrder: 4
--- !u!4 &1096730507
Transform:
  m_ObjectHideFlags: 0
  m_CorrespondingSourceObject: {fileID: 0}
  m_PrefabInstance: {fileID: 0}
  m_PrefabAsset: {fileID: 0}
  m_GameObject: {fileID: 1096730505}
  m_LocalRotation: {x: 0, y: 0, z: 0, w: 1}
  m_LocalPosition: {x: 305.87946, y: -117.68675, z: 254.14853}
  m_LocalScale: {x: 1, y: 1, z: 1}
  m_Children:
  - {fileID: 577199226}
  m_Father: {fileID: 0}
  m_RootOrder: 19
  m_LocalEulerAnglesHint: {x: 0, y: 0, z: 0}
--- !u!1001 &1472557486
PrefabInstance:
  m_ObjectHideFlags: 0
  serializedVersion: 2
  m_Modification:
    m_TransformParent: {fileID: 0}
    m_Modifications:
    - target: {fileID: 602619189, guid: 7f931d4b5c97d194d8726ddf5acdd440, type: 3}
      propertyPath: m_Radius
      value: 3
      objectReference: {fileID: 0}
    - target: {fileID: 602619192, guid: 7f931d4b5c97d194d8726ddf5acdd440, type: 3}
      propertyPath: speedBuff
      value: 20
      objectReference: {fileID: 0}
    - target: {fileID: 602619192, guid: 7f931d4b5c97d194d8726ddf5acdd440, type: 3}
      propertyPath: speedBoostBuff
      value: 35
      objectReference: {fileID: 0}
    - target: {fileID: 1018968952185720, guid: 7f931d4b5c97d194d8726ddf5acdd440, type: 3}
      propertyPath: m_Layer
      value: 2
      objectReference: {fileID: 0}
    - target: {fileID: 1054916745482120, guid: 7f931d4b5c97d194d8726ddf5acdd440, type: 3}
      propertyPath: m_Layer
      value: 2
      objectReference: {fileID: 0}
    - target: {fileID: 1085630477795596, guid: 7f931d4b5c97d194d8726ddf5acdd440, type: 3}
      propertyPath: m_Layer
      value: 2
      objectReference: {fileID: 0}
    - target: {fileID: 1104296089180716, guid: 7f931d4b5c97d194d8726ddf5acdd440, type: 3}
      propertyPath: m_Layer
      value: 2
      objectReference: {fileID: 0}
    - target: {fileID: 1106084664784546, guid: 7f931d4b5c97d194d8726ddf5acdd440, type: 3}
      propertyPath: m_Layer
      value: 2
      objectReference: {fileID: 0}
    - target: {fileID: 1123501708062036, guid: 7f931d4b5c97d194d8726ddf5acdd440, type: 3}
      propertyPath: m_Layer
      value: 2
      objectReference: {fileID: 0}
    - target: {fileID: 1129088085268148, guid: 7f931d4b5c97d194d8726ddf5acdd440, type: 3}
      propertyPath: m_Layer
      value: 2
      objectReference: {fileID: 0}
    - target: {fileID: 1131464541142696, guid: 7f931d4b5c97d194d8726ddf5acdd440, type: 3}
      propertyPath: m_Layer
      value: 2
      objectReference: {fileID: 0}
    - target: {fileID: 1168600316725668, guid: 7f931d4b5c97d194d8726ddf5acdd440, type: 3}
      propertyPath: m_Layer
      value: 2
      objectReference: {fileID: 0}
    - target: {fileID: 1170934560858310, guid: 7f931d4b5c97d194d8726ddf5acdd440, type: 3}
      propertyPath: m_Layer
      value: 2
      objectReference: {fileID: 0}
    - target: {fileID: 1173269918756012, guid: 7f931d4b5c97d194d8726ddf5acdd440, type: 3}
      propertyPath: m_Layer
      value: 2
      objectReference: {fileID: 0}
    - target: {fileID: 1192468477486266, guid: 7f931d4b5c97d194d8726ddf5acdd440, type: 3}
      propertyPath: m_Layer
      value: 2
      objectReference: {fileID: 0}
    - target: {fileID: 1198072540852330, guid: 7f931d4b5c97d194d8726ddf5acdd440, type: 3}
      propertyPath: m_Layer
      value: 2
      objectReference: {fileID: 0}
    - target: {fileID: 1214562159919526, guid: 7f931d4b5c97d194d8726ddf5acdd440, type: 3}
      propertyPath: m_Layer
      value: 2
      objectReference: {fileID: 0}
    - target: {fileID: 1234684431617154, guid: 7f931d4b5c97d194d8726ddf5acdd440, type: 3}
      propertyPath: m_Layer
      value: 2
      objectReference: {fileID: 0}
    - target: {fileID: 1249181325034658, guid: 7f931d4b5c97d194d8726ddf5acdd440, type: 3}
      propertyPath: m_Layer
      value: 2
      objectReference: {fileID: 0}
    - target: {fileID: 1255207143742270, guid: 7f931d4b5c97d194d8726ddf5acdd440, type: 3}
      propertyPath: m_Layer
      value: 2
      objectReference: {fileID: 0}
    - target: {fileID: 1267610996874144, guid: 7f931d4b5c97d194d8726ddf5acdd440, type: 3}
      propertyPath: m_Layer
      value: 2
      objectReference: {fileID: 0}
    - target: {fileID: 1271250343193146, guid: 7f931d4b5c97d194d8726ddf5acdd440, type: 3}
      propertyPath: m_Layer
      value: 2
      objectReference: {fileID: 0}
    - target: {fileID: 1325058566712760, guid: 7f931d4b5c97d194d8726ddf5acdd440, type: 3}
      propertyPath: m_Layer
      value: 2
      objectReference: {fileID: 0}
    - target: {fileID: 1360767047268532, guid: 7f931d4b5c97d194d8726ddf5acdd440, type: 3}
      propertyPath: m_Layer
      value: 2
      objectReference: {fileID: 0}
    - target: {fileID: 1398737553352546, guid: 7f931d4b5c97d194d8726ddf5acdd440, type: 3}
      propertyPath: m_Layer
      value: 2
      objectReference: {fileID: 0}
    - target: {fileID: 1462873833015806, guid: 7f931d4b5c97d194d8726ddf5acdd440, type: 3}
      propertyPath: m_Layer
      value: 2
      objectReference: {fileID: 0}
    - target: {fileID: 1466072291341602, guid: 7f931d4b5c97d194d8726ddf5acdd440, type: 3}
      propertyPath: m_Layer
      value: 2
      objectReference: {fileID: 0}
    - target: {fileID: 1467706363444128, guid: 7f931d4b5c97d194d8726ddf5acdd440, type: 3}
      propertyPath: m_Layer
      value: 2
      objectReference: {fileID: 0}
    - target: {fileID: 1470429640567582, guid: 7f931d4b5c97d194d8726ddf5acdd440, type: 3}
      propertyPath: m_Layer
      value: 2
      objectReference: {fileID: 0}
    - target: {fileID: 1488039796332162, guid: 7f931d4b5c97d194d8726ddf5acdd440, type: 3}
      propertyPath: m_Layer
      value: 2
      objectReference: {fileID: 0}
    - target: {fileID: 1537889213202332, guid: 7f931d4b5c97d194d8726ddf5acdd440, type: 3}
      propertyPath: m_Layer
      value: 2
      objectReference: {fileID: 0}
    - target: {fileID: 1542714885045140, guid: 7f931d4b5c97d194d8726ddf5acdd440, type: 3}
      propertyPath: m_Layer
      value: 2
      objectReference: {fileID: 0}
    - target: {fileID: 1568092028899822, guid: 7f931d4b5c97d194d8726ddf5acdd440, type: 3}
      propertyPath: m_Layer
      value: 2
      objectReference: {fileID: 0}
    - target: {fileID: 1595186484427894, guid: 7f931d4b5c97d194d8726ddf5acdd440, type: 3}
      propertyPath: m_Layer
      value: 2
      objectReference: {fileID: 0}
    - target: {fileID: 1597507062354256, guid: 7f931d4b5c97d194d8726ddf5acdd440, type: 3}
      propertyPath: m_Layer
      value: 2
      objectReference: {fileID: 0}
    - target: {fileID: 1676300711511712, guid: 7f931d4b5c97d194d8726ddf5acdd440, type: 3}
      propertyPath: m_Layer
      value: 2
      objectReference: {fileID: 0}
    - target: {fileID: 1715225730223428, guid: 7f931d4b5c97d194d8726ddf5acdd440, type: 3}
      propertyPath: m_Layer
      value: 2
      objectReference: {fileID: 0}
    - target: {fileID: 1726154548750426, guid: 7f931d4b5c97d194d8726ddf5acdd440, type: 3}
      propertyPath: m_Layer
      value: 2
      objectReference: {fileID: 0}
    - target: {fileID: 1730320634250614, guid: 7f931d4b5c97d194d8726ddf5acdd440, type: 3}
      propertyPath: m_Layer
      value: 2
      objectReference: {fileID: 0}
    - target: {fileID: 1783563462218004, guid: 7f931d4b5c97d194d8726ddf5acdd440, type: 3}
      propertyPath: m_Name
      value: Polygonal Metalon Green
      objectReference: {fileID: 0}
    - target: {fileID: 1783563462218004, guid: 7f931d4b5c97d194d8726ddf5acdd440, type: 3}
      propertyPath: m_Layer
      value: 2
      objectReference: {fileID: 0}
    - target: {fileID: 1804318802084684, guid: 7f931d4b5c97d194d8726ddf5acdd440, type: 3}
      propertyPath: m_Layer
      value: 2
      objectReference: {fileID: 0}
    - target: {fileID: 1819646760548846, guid: 7f931d4b5c97d194d8726ddf5acdd440, type: 3}
      propertyPath: m_Layer
      value: 2
      objectReference: {fileID: 0}
    - target: {fileID: 1836328236263168, guid: 7f931d4b5c97d194d8726ddf5acdd440, type: 3}
      propertyPath: m_Layer
      value: 2
      objectReference: {fileID: 0}
    - target: {fileID: 1838896461108716, guid: 7f931d4b5c97d194d8726ddf5acdd440, type: 3}
      propertyPath: m_Layer
      value: 2
      objectReference: {fileID: 0}
    - target: {fileID: 1844499813832346, guid: 7f931d4b5c97d194d8726ddf5acdd440, type: 3}
      propertyPath: m_Layer
      value: 2
      objectReference: {fileID: 0}
    - target: {fileID: 1845593574226382, guid: 7f931d4b5c97d194d8726ddf5acdd440, type: 3}
      propertyPath: m_Layer
      value: 2
      objectReference: {fileID: 0}
    - target: {fileID: 1928140912258996, guid: 7f931d4b5c97d194d8726ddf5acdd440, type: 3}
      propertyPath: m_Layer
      value: 2
      objectReference: {fileID: 0}
    - target: {fileID: 1929474788476644, guid: 7f931d4b5c97d194d8726ddf5acdd440, type: 3}
      propertyPath: m_Layer
      value: 2
      objectReference: {fileID: 0}
    - target: {fileID: 1949978181105042, guid: 7f931d4b5c97d194d8726ddf5acdd440, type: 3}
      propertyPath: m_Layer
      value: 2
      objectReference: {fileID: 0}
    - target: {fileID: 1993458534345558, guid: 7f931d4b5c97d194d8726ddf5acdd440, type: 3}
      propertyPath: m_Layer
      value: 2
      objectReference: {fileID: 0}
    - target: {fileID: 4215789226532830, guid: 7f931d4b5c97d194d8726ddf5acdd440, type: 3}
      propertyPath: m_RootOrder
      value: 5
      objectReference: {fileID: 0}
    - target: {fileID: 4215789226532830, guid: 7f931d4b5c97d194d8726ddf5acdd440, type: 3}
      propertyPath: m_LocalPosition.x
      value: 193.2
      objectReference: {fileID: 0}
    - target: {fileID: 4215789226532830, guid: 7f931d4b5c97d194d8726ddf5acdd440, type: 3}
      propertyPath: m_LocalPosition.y
      value: -0.2
      objectReference: {fileID: 0}
    - target: {fileID: 4215789226532830, guid: 7f931d4b5c97d194d8726ddf5acdd440, type: 3}
      propertyPath: m_LocalPosition.z
      value: 107.3
      objectReference: {fileID: 0}
    - target: {fileID: 4215789226532830, guid: 7f931d4b5c97d194d8726ddf5acdd440, type: 3}
      propertyPath: m_LocalRotation.w
      value: 1
      objectReference: {fileID: 0}
    - target: {fileID: 4215789226532830, guid: 7f931d4b5c97d194d8726ddf5acdd440, type: 3}
      propertyPath: m_LocalRotation.x
      value: 0
      objectReference: {fileID: 0}
    - target: {fileID: 4215789226532830, guid: 7f931d4b5c97d194d8726ddf5acdd440, type: 3}
      propertyPath: m_LocalRotation.y
      value: 0
      objectReference: {fileID: 0}
    - target: {fileID: 4215789226532830, guid: 7f931d4b5c97d194d8726ddf5acdd440, type: 3}
      propertyPath: m_LocalRotation.z
      value: 0
      objectReference: {fileID: 0}
    - target: {fileID: 4215789226532830, guid: 7f931d4b5c97d194d8726ddf5acdd440, type: 3}
      propertyPath: m_LocalEulerAnglesHint.x
      value: 0
      objectReference: {fileID: 0}
    - target: {fileID: 4215789226532830, guid: 7f931d4b5c97d194d8726ddf5acdd440, type: 3}
      propertyPath: m_LocalEulerAnglesHint.y
      value: 0
      objectReference: {fileID: 0}
    - target: {fileID: 4215789226532830, guid: 7f931d4b5c97d194d8726ddf5acdd440, type: 3}
      propertyPath: m_LocalEulerAnglesHint.z
      value: 0
      objectReference: {fileID: 0}
    - target: {fileID: 262349780457654621, guid: 7f931d4b5c97d194d8726ddf5acdd440,
        type: 3}
      propertyPath: m_Layer
      value: 2
      objectReference: {fileID: 0}
    - target: {fileID: 7641833956482494021, guid: 7f931d4b5c97d194d8726ddf5acdd440,
        type: 3}
      propertyPath: m_Layer
      value: 2
      objectReference: {fileID: 0}
    m_RemovedComponents: []
  m_SourcePrefab: {fileID: 100100000, guid: 7f931d4b5c97d194d8726ddf5acdd440, type: 3}
--- !u!1 &1479856254
GameObject:
  m_ObjectHideFlags: 0
  m_CorrespondingSourceObject: {fileID: 0}
  m_PrefabInstance: {fileID: 0}
  m_PrefabAsset: {fileID: 0}
  serializedVersion: 6
  m_Component:
  - component: {fileID: 1479856256}
  - component: {fileID: 1479856255}
  m_Layer: 9
  m_Name: Barrier2
  m_TagString: Obstacle
  m_Icon: {fileID: 0}
  m_NavMeshLayer: 0
  m_StaticEditorFlags: 0
  m_IsActive: 1
--- !u!65 &1479856255
BoxCollider:
  m_ObjectHideFlags: 0
  m_CorrespondingSourceObject: {fileID: 0}
  m_PrefabInstance: {fileID: 0}
  m_PrefabAsset: {fileID: 0}
  m_GameObject: {fileID: 1479856254}
  m_Material: {fileID: 0}
  m_IsTrigger: 0
  m_Enabled: 1
  serializedVersion: 2
  m_Size: {x: 35.32346, y: 72.91771, z: 541.97815}
  m_Center: {x: 29.349989, y: 35.958855, z: -47.15271}
--- !u!4 &1479856256
Transform:
  m_ObjectHideFlags: 0
  m_CorrespondingSourceObject: {fileID: 0}
  m_PrefabInstance: {fileID: 0}
  m_PrefabAsset: {fileID: 0}
  m_GameObject: {fileID: 1479856254}
  m_LocalRotation: {x: -0, y: -0, z: -0, w: 1}
  m_LocalPosition: {x: 456.8, y: 1.59, z: 300.3}
  m_LocalScale: {x: 1, y: 1, z: 1}
  m_Children: []
  m_Father: {fileID: 2132230701}
  m_RootOrder: 2
  m_LocalEulerAnglesHint: {x: 0, y: 0, z: 0}
--- !u!1 &1503026655
GameObject:
  m_ObjectHideFlags: 0
  m_CorrespondingSourceObject: {fileID: 0}
  m_PrefabInstance: {fileID: 0}
  m_PrefabAsset: {fileID: 0}
  serializedVersion: 6
  m_Component:
  - component: {fileID: 1503026657}
  - component: {fileID: 1503026656}
  m_Layer: 9
  m_Name: Barrier3
  m_TagString: Obstacle
  m_Icon: {fileID: 0}
  m_NavMeshLayer: 0
  m_StaticEditorFlags: 0
  m_IsActive: 1
--- !u!65 &1503026656
BoxCollider:
  m_ObjectHideFlags: 0
  m_CorrespondingSourceObject: {fileID: 0}
  m_PrefabInstance: {fileID: 0}
  m_PrefabAsset: {fileID: 0}
  m_GameObject: {fileID: 1503026655}
  m_Material: {fileID: 0}
  m_IsTrigger: 0
  m_Enabled: 1
  serializedVersion: 2
  m_Size: {x: 23.195435, y: 72.91771, z: 541.97815}
  m_Center: {x: 23.285976, y: 35.958855, z: -47.15271}
--- !u!4 &1503026657
Transform:
  m_ObjectHideFlags: 0
  m_CorrespondingSourceObject: {fileID: 0}
  m_PrefabInstance: {fileID: 0}
  m_PrefabAsset: {fileID: 0}
  m_GameObject: {fileID: 1503026655}
  m_LocalRotation: {x: -0, y: 0.7071068, z: -0, w: 0.7071068}
  m_LocalPosition: {x: 292.8, y: 1.59, z: 505.1}
  m_LocalScale: {x: 1, y: 1, z: 1}
  m_Children: []
  m_Father: {fileID: 2132230701}
  m_RootOrder: 3
  m_LocalEulerAnglesHint: {x: 0, y: 90, z: 0}
--- !u!1 &1522217172
GameObject:
  m_ObjectHideFlags: 0
  m_CorrespondingSourceObject: {fileID: 0}
  m_PrefabInstance: {fileID: 0}
  m_PrefabAsset: {fileID: 0}
  serializedVersion: 6
  m_Component:
  - component: {fileID: 1522217173}
  - component: {fileID: 1522217175}
  - component: {fileID: 1522217174}
  m_Layer: 9
  m_Name: TundraTerrain
  m_TagString: Obstacle
  m_Icon: {fileID: 0}
  m_NavMeshLayer: 0
  m_StaticEditorFlags: 4294967295
  m_IsActive: 1
--- !u!4 &1522217173
Transform:
  m_ObjectHideFlags: 0
  m_CorrespondingSourceObject: {fileID: 0}
  m_PrefabInstance: {fileID: 0}
  m_PrefabAsset: {fileID: 0}
  m_GameObject: {fileID: 1522217172}
  m_LocalRotation: {x: -0, y: -0, z: -0, w: 1}
  m_LocalPosition: {x: 0, y: 0, z: 0}
  m_LocalScale: {x: 1, y: 1, z: 1}
  m_Children: []
  m_Father: {fileID: 2132230701}
  m_RootOrder: 0
  m_LocalEulerAnglesHint: {x: 0, y: 0, z: 0}
--- !u!154 &1522217174
TerrainCollider:
  m_ObjectHideFlags: 0
  m_CorrespondingSourceObject: {fileID: 0}
  m_PrefabInstance: {fileID: 0}
  m_PrefabAsset: {fileID: 0}
  m_GameObject: {fileID: 1522217172}
  m_Material: {fileID: 0}
  m_Enabled: 1
  m_TerrainData: {fileID: 15600000, guid: 427cc5c6c82ce4b48ace5890c54b03aa, type: 2}
  m_EnableTreeColliders: 1
--- !u!218 &1522217175
Terrain:
  m_ObjectHideFlags: 0
  m_CorrespondingSourceObject: {fileID: 0}
  m_PrefabInstance: {fileID: 0}
  m_PrefabAsset: {fileID: 0}
  m_GameObject: {fileID: 1522217172}
  m_Enabled: 1
  serializedVersion: 6
  m_TerrainData: {fileID: 15600000, guid: 427cc5c6c82ce4b48ace5890c54b03aa, type: 2}
  m_TreeDistance: 5000
  m_TreeBillboardDistance: 300
  m_TreeCrossFadeLength: 200
  m_TreeMaximumFullLODCount: 50
  m_DetailObjectDistance: 80
  m_DetailObjectDensity: 1
  m_HeightmapPixelError: 5
  m_SplatMapDistance: 1000
  m_HeightmapMaximumLOD: 0
  m_ShadowCastingMode: 2
  m_DrawHeightmap: 1
  m_DrawInstanced: 1
  m_DrawTreesAndFoliage: 1
  m_ReflectionProbeUsage: 1
  m_MaterialTemplate: {fileID: 10652, guid: 0000000000000000f000000000000000, type: 0}
  m_BakeLightProbesForTrees: 1
  m_PreserveTreePrototypeLayers: 0
  m_DeringLightProbesForTrees: 1
  m_ScaleInLightmap: 0.8
  m_LightmapParameters: {fileID: 15203, guid: 0000000000000000f000000000000000, type: 0}
  m_GroupingID: 0
  m_RenderingLayerMask: 1
  m_AllowAutoConnect: 1
--- !u!1001 &1575592204
PrefabInstance:
  m_ObjectHideFlags: 0
  serializedVersion: 2
  m_Modification:
    m_TransformParent: {fileID: 0}
    m_Modifications:
    - target: {fileID: 2575485580992198569, guid: d4afe2d91bae57e48ac38077a1fbddf4,
        type: 3}
      propertyPath: m_Name
      value: MinimapMarker
      objectReference: {fileID: 0}
    - target: {fileID: 3076316770159422591, guid: d4afe2d91bae57e48ac38077a1fbddf4,
        type: 3}
      propertyPath: m_RootOrder
      value: 4
      objectReference: {fileID: 0}
    - target: {fileID: 3076316770159422591, guid: d4afe2d91bae57e48ac38077a1fbddf4,
        type: 3}
      propertyPath: m_LocalPosition.x
      value: 202.5
      objectReference: {fileID: 0}
    - target: {fileID: 3076316770159422591, guid: d4afe2d91bae57e48ac38077a1fbddf4,
        type: 3}
      propertyPath: m_LocalPosition.y
      value: 0
      objectReference: {fileID: 0}
    - target: {fileID: 3076316770159422591, guid: d4afe2d91bae57e48ac38077a1fbddf4,
        type: 3}
      propertyPath: m_LocalPosition.z
      value: 110.3
      objectReference: {fileID: 0}
    - target: {fileID: 3076316770159422591, guid: d4afe2d91bae57e48ac38077a1fbddf4,
        type: 3}
      propertyPath: m_LocalRotation.w
      value: 1
      objectReference: {fileID: 0}
    - target: {fileID: 3076316770159422591, guid: d4afe2d91bae57e48ac38077a1fbddf4,
        type: 3}
      propertyPath: m_LocalRotation.x
      value: -0
      objectReference: {fileID: 0}
    - target: {fileID: 3076316770159422591, guid: d4afe2d91bae57e48ac38077a1fbddf4,
        type: 3}
      propertyPath: m_LocalRotation.y
      value: -0
      objectReference: {fileID: 0}
    - target: {fileID: 3076316770159422591, guid: d4afe2d91bae57e48ac38077a1fbddf4,
        type: 3}
      propertyPath: m_LocalRotation.z
      value: -0
      objectReference: {fileID: 0}
    - target: {fileID: 3076316770159422591, guid: d4afe2d91bae57e48ac38077a1fbddf4,
        type: 3}
      propertyPath: m_LocalEulerAnglesHint.x
      value: 0
      objectReference: {fileID: 0}
    - target: {fileID: 3076316770159422591, guid: d4afe2d91bae57e48ac38077a1fbddf4,
        type: 3}
      propertyPath: m_LocalEulerAnglesHint.y
      value: 0
      objectReference: {fileID: 0}
    - target: {fileID: 3076316770159422591, guid: d4afe2d91bae57e48ac38077a1fbddf4,
        type: 3}
      propertyPath: m_LocalEulerAnglesHint.z
      value: 0
      objectReference: {fileID: 0}
    m_RemovedComponents: []
  m_SourcePrefab: {fileID: 100100000, guid: d4afe2d91bae57e48ac38077a1fbddf4, type: 3}
--- !u!1 &1741245736
GameObject:
  m_ObjectHideFlags: 0
  m_CorrespondingSourceObject: {fileID: 0}
  m_PrefabInstance: {fileID: 0}
  m_PrefabAsset: {fileID: 0}
  serializedVersion: 6
  m_Component:
  - component: {fileID: 1741245737}
  - component: {fileID: 1741245738}
  m_Layer: 9
  m_Name: Barrier1
  m_TagString: Obstacle
  m_Icon: {fileID: 0}
  m_NavMeshLayer: 0
  m_StaticEditorFlags: 0
  m_IsActive: 1
--- !u!4 &1741245737
Transform:
  m_ObjectHideFlags: 0
  m_CorrespondingSourceObject: {fileID: 0}
  m_PrefabInstance: {fileID: 0}
  m_PrefabAsset: {fileID: 0}
  m_GameObject: {fileID: 1741245736}
  m_LocalRotation: {x: -0, y: -0, z: -0, w: 1}
  m_LocalPosition: {x: 4.8, y: 1.59, z: 300.3}
  m_LocalScale: {x: 1, y: 1, z: 1}
  m_Children: []
  m_Father: {fileID: 2132230701}
  m_RootOrder: 1
  m_LocalEulerAnglesHint: {x: 0, y: 0, z: 0}
--- !u!65 &1741245738
BoxCollider:
  m_ObjectHideFlags: 0
  m_CorrespondingSourceObject: {fileID: 0}
  m_PrefabInstance: {fileID: 0}
  m_PrefabAsset: {fileID: 0}
  m_GameObject: {fileID: 1741245736}
  m_Material: {fileID: 0}
  m_IsTrigger: 0
  m_Enabled: 1
  serializedVersion: 2
  m_Size: {x: 23.195435, y: 72.91771, z: 541.97815}
  m_Center: {x: 23.285976, y: 35.958855, z: -47.15271}
--- !u!1 &1854138569 stripped
GameObject:
  m_CorrespondingSourceObject: {fileID: 8526886711994034567, guid: 80d2eb9d60d849d499c02576a9fbc4eb,
    type: 3}
  m_PrefabInstance: {fileID: 1035626718}
  m_PrefabAsset: {fileID: 0}
--- !u!1001 &1866914620
PrefabInstance:
  m_ObjectHideFlags: 0
  serializedVersion: 2
  m_Modification:
    m_TransformParent: {fileID: 0}
    m_Modifications:
    - target: {fileID: 100006, guid: 9bbf6bb9a298f734394e7eb668a9d06f, type: 3}
      propertyPath: m_Name
      value: Windmill
      objectReference: {fileID: 0}
    - target: {fileID: 400006, guid: 9bbf6bb9a298f734394e7eb668a9d06f, type: 3}
      propertyPath: m_RootOrder
      value: 8
      objectReference: {fileID: 0}
    - target: {fileID: 400006, guid: 9bbf6bb9a298f734394e7eb668a9d06f, type: 3}
      propertyPath: m_LocalScale.x
      value: 22.600979
      objectReference: {fileID: 0}
    - target: {fileID: 400006, guid: 9bbf6bb9a298f734394e7eb668a9d06f, type: 3}
      propertyPath: m_LocalScale.y
      value: 22.600979
      objectReference: {fileID: 0}
    - target: {fileID: 400006, guid: 9bbf6bb9a298f734394e7eb668a9d06f, type: 3}
      propertyPath: m_LocalScale.z
      value: 22.600979
      objectReference: {fileID: 0}
    - target: {fileID: 400006, guid: 9bbf6bb9a298f734394e7eb668a9d06f, type: 3}
      propertyPath: m_LocalPosition.x
      value: 382.81
      objectReference: {fileID: 0}
    - target: {fileID: 400006, guid: 9bbf6bb9a298f734394e7eb668a9d06f, type: 3}
      propertyPath: m_LocalPosition.y
      value: -0
      objectReference: {fileID: 0}
    - target: {fileID: 400006, guid: 9bbf6bb9a298f734394e7eb668a9d06f, type: 3}
      propertyPath: m_LocalPosition.z
      value: 327.73
      objectReference: {fileID: 0}
    - target: {fileID: 400006, guid: 9bbf6bb9a298f734394e7eb668a9d06f, type: 3}
      propertyPath: m_LocalRotation.w
      value: 0.3578664
      objectReference: {fileID: 0}
    - target: {fileID: 400006, guid: 9bbf6bb9a298f734394e7eb668a9d06f, type: 3}
      propertyPath: m_LocalRotation.x
      value: -0
      objectReference: {fileID: 0}
    - target: {fileID: 400006, guid: 9bbf6bb9a298f734394e7eb668a9d06f, type: 3}
      propertyPath: m_LocalRotation.y
      value: -0.9337728
      objectReference: {fileID: 0}
    - target: {fileID: 400006, guid: 9bbf6bb9a298f734394e7eb668a9d06f, type: 3}
      propertyPath: m_LocalRotation.z
      value: -0
      objectReference: {fileID: 0}
    - target: {fileID: 400006, guid: 9bbf6bb9a298f734394e7eb668a9d06f, type: 3}
      propertyPath: m_LocalEulerAnglesHint.x
      value: 0
      objectReference: {fileID: 0}
    - target: {fileID: 400006, guid: 9bbf6bb9a298f734394e7eb668a9d06f, type: 3}
      propertyPath: m_LocalEulerAnglesHint.y
      value: -138.06201
      objectReference: {fileID: 0}
    - target: {fileID: 400006, guid: 9bbf6bb9a298f734394e7eb668a9d06f, type: 3}
      propertyPath: m_LocalEulerAnglesHint.z
      value: 0
      objectReference: {fileID: 0}
    m_RemovedComponents: []
  m_SourcePrefab: {fileID: 100100000, guid: 9bbf6bb9a298f734394e7eb668a9d06f, type: 3}
--- !u!1 &2132230699
GameObject:
  m_ObjectHideFlags: 0
  m_CorrespondingSourceObject: {fileID: 0}
  m_PrefabInstance: {fileID: 0}
  m_PrefabAsset: {fileID: 0}
  serializedVersion: 6
  m_Component:
  - component: {fileID: 2132230701}
  - component: {fileID: 2132230700}
  m_Layer: 9
  m_Name: Tundra
  m_TagString: Obstacle
  m_Icon: {fileID: 0}
  m_NavMeshLayer: 0
  m_StaticEditorFlags: 0
  m_IsActive: 1
--- !u!114 &2132230700
MonoBehaviour:
  m_ObjectHideFlags: 0
  m_CorrespondingSourceObject: {fileID: 0}
  m_PrefabInstance: {fileID: 0}
  m_PrefabAsset: {fileID: 0}
  m_GameObject: {fileID: 2132230699}
  m_Enabled: 1
  m_EditorHideFlags: 0
  m_Script: {fileID: 11500000, guid: 0ca34a6148db2d54493f84f379293f33, type: 3}
  m_Name: 
  m_EditorClassIdentifier: 
  GroupID: 0
--- !u!4 &2132230701
Transform:
  m_ObjectHideFlags: 0
  m_CorrespondingSourceObject: {fileID: 0}
  m_PrefabInstance: {fileID: 0}
  m_PrefabAsset: {fileID: 0}
  m_GameObject: {fileID: 2132230699}
  m_LocalRotation: {x: 0, y: 0, z: 0, w: 1}
  m_LocalPosition: {x: 0, y: 0, z: 0}
  m_LocalScale: {x: 1, y: 1, z: 1}
  m_Children:
  - {fileID: 1522217173}
  - {fileID: 1741245737}
  - {fileID: 1479856256}
  - {fileID: 1503026657}
  - {fileID: 790415374}
  m_Father: {fileID: 0}
  m_RootOrder: 17
  m_LocalEulerAnglesHint: {x: 0, y: 0, z: 0}
--- !u!1001 &2139064006
PrefabInstance:
  m_ObjectHideFlags: 0
  serializedVersion: 2
  m_Modification:
    m_TransformParent: {fileID: 0}
    m_Modifications:
    - target: {fileID: 2866926467493184638, guid: 8bacb50ba6f73fc4bb667fc0f16bb025,
        type: 3}
      propertyPath: m_RootOrder
      value: 7
      objectReference: {fileID: 0}
    - target: {fileID: 2866926467493184638, guid: 8bacb50ba6f73fc4bb667fc0f16bb025,
        type: 3}
      propertyPath: m_LocalPosition.x
      value: 376
      objectReference: {fileID: 0}
    - target: {fileID: 2866926467493184638, guid: 8bacb50ba6f73fc4bb667fc0f16bb025,
        type: 3}
      propertyPath: m_LocalPosition.y
      value: 1.96
      objectReference: {fileID: 0}
    - target: {fileID: 2866926467493184638, guid: 8bacb50ba6f73fc4bb667fc0f16bb025,
        type: 3}
      propertyPath: m_LocalPosition.z
      value: 324
      objectReference: {fileID: 0}
    - target: {fileID: 2866926467493184638, guid: 8bacb50ba6f73fc4bb667fc0f16bb025,
        type: 3}
      propertyPath: m_LocalRotation.w
      value: 1
      objectReference: {fileID: 0}
    - target: {fileID: 2866926467493184638, guid: 8bacb50ba6f73fc4bb667fc0f16bb025,
        type: 3}
      propertyPath: m_LocalRotation.x
      value: 0
      objectReference: {fileID: 0}
    - target: {fileID: 2866926467493184638, guid: 8bacb50ba6f73fc4bb667fc0f16bb025,
        type: 3}
      propertyPath: m_LocalRotation.y
      value: 0
      objectReference: {fileID: 0}
    - target: {fileID: 2866926467493184638, guid: 8bacb50ba6f73fc4bb667fc0f16bb025,
        type: 3}
      propertyPath: m_LocalRotation.z
      value: 0
      objectReference: {fileID: 0}
    - target: {fileID: 2866926467493184638, guid: 8bacb50ba6f73fc4bb667fc0f16bb025,
        type: 3}
      propertyPath: m_LocalEulerAnglesHint.x
      value: 0
      objectReference: {fileID: 0}
    - target: {fileID: 2866926467493184638, guid: 8bacb50ba6f73fc4bb667fc0f16bb025,
        type: 3}
      propertyPath: m_LocalEulerAnglesHint.y
      value: 0
      objectReference: {fileID: 0}
    - target: {fileID: 2866926467493184638, guid: 8bacb50ba6f73fc4bb667fc0f16bb025,
        type: 3}
      propertyPath: m_LocalEulerAnglesHint.z
      value: 0
      objectReference: {fileID: 0}
    - target: {fileID: 2866926467493184639, guid: 8bacb50ba6f73fc4bb667fc0f16bb025,
        type: 3}
      propertyPath: m_Name
      value: ExtractZone
      objectReference: {fileID: 0}
    - target: {fileID: 2908419886266658246, guid: 8bacb50ba6f73fc4bb667fc0f16bb025,
        type: 3}
      propertyPath: m_Radius
      value: 7.661723
      objectReference: {fileID: 0}
    - target: {fileID: 2908419886266658246, guid: 8bacb50ba6f73fc4bb667fc0f16bb025,
        type: 3}
      propertyPath: m_Center.x
      value: 5.958577
      objectReference: {fileID: 0}
    - target: {fileID: 2908419886266658246, guid: 8bacb50ba6f73fc4bb667fc0f16bb025,
        type: 3}
      propertyPath: m_Center.y
      value: -0.042856216
      objectReference: {fileID: 0}
    - target: {fileID: 2908419886266658246, guid: 8bacb50ba6f73fc4bb667fc0f16bb025,
        type: 3}
      propertyPath: m_Center.z
      value: -1.2460032
      objectReference: {fileID: 0}
    - target: {fileID: 4271045024257436806, guid: 8bacb50ba6f73fc4bb667fc0f16bb025,
        type: 3}
      propertyPath: m_IsTrigger
      value: 1
      objectReference: {fileID: 0}
    m_RemovedComponents: []
  m_SourcePrefab: {fileID: 100100000, guid: 8bacb50ba6f73fc4bb667fc0f16bb025, type: 3}
--- !u!1001 &547732955282215530
PrefabInstance:
  m_ObjectHideFlags: 0
  serializedVersion: 2
  m_Modification:
    m_TransformParent: {fileID: 0}
    m_Modifications:
    - target: {fileID: 547732955283160720, guid: 87df7222fb1b93b4cabe914580c3f0eb,
        type: 3}
      propertyPath: m_Name
      value: GameManager
      objectReference: {fileID: 0}
    - target: {fileID: 547732955283160721, guid: 87df7222fb1b93b4cabe914580c3f0eb,
        type: 3}
      propertyPath: m_RootOrder
      value: 10
      objectReference: {fileID: 0}
    - target: {fileID: 547732955283160721, guid: 87df7222fb1b93b4cabe914580c3f0eb,
        type: 3}
      propertyPath: m_LocalPosition.x
      value: 0
      objectReference: {fileID: 0}
    - target: {fileID: 547732955283160721, guid: 87df7222fb1b93b4cabe914580c3f0eb,
        type: 3}
      propertyPath: m_LocalPosition.y
      value: 0
      objectReference: {fileID: 0}
    - target: {fileID: 547732955283160721, guid: 87df7222fb1b93b4cabe914580c3f0eb,
        type: 3}
      propertyPath: m_LocalPosition.z
      value: 0
      objectReference: {fileID: 0}
    - target: {fileID: 547732955283160721, guid: 87df7222fb1b93b4cabe914580c3f0eb,
        type: 3}
      propertyPath: m_LocalRotation.w
      value: 1
      objectReference: {fileID: 0}
    - target: {fileID: 547732955283160721, guid: 87df7222fb1b93b4cabe914580c3f0eb,
        type: 3}
      propertyPath: m_LocalRotation.x
      value: 0
      objectReference: {fileID: 0}
    - target: {fileID: 547732955283160721, guid: 87df7222fb1b93b4cabe914580c3f0eb,
        type: 3}
      propertyPath: m_LocalRotation.y
      value: 0
      objectReference: {fileID: 0}
    - target: {fileID: 547732955283160721, guid: 87df7222fb1b93b4cabe914580c3f0eb,
        type: 3}
      propertyPath: m_LocalRotation.z
      value: 0
      objectReference: {fileID: 0}
    - target: {fileID: 547732955283160721, guid: 87df7222fb1b93b4cabe914580c3f0eb,
        type: 3}
      propertyPath: m_LocalEulerAnglesHint.x
      value: 0
      objectReference: {fileID: 0}
    - target: {fileID: 547732955283160721, guid: 87df7222fb1b93b4cabe914580c3f0eb,
        type: 3}
      propertyPath: m_LocalEulerAnglesHint.y
      value: 0
      objectReference: {fileID: 0}
    - target: {fileID: 547732955283160721, guid: 87df7222fb1b93b4cabe914580c3f0eb,
        type: 3}
      propertyPath: m_LocalEulerAnglesHint.z
      value: 0
      objectReference: {fileID: 0}
    m_RemovedComponents: []
  m_SourcePrefab: {fileID: 100100000, guid: 87df7222fb1b93b4cabe914580c3f0eb, type: 3}
--- !u!1001 &3663185536466456080
PrefabInstance:
  m_ObjectHideFlags: 0
  serializedVersion: 2
  m_Modification:
    m_TransformParent: {fileID: 0}
    m_Modifications:
    - target: {fileID: 3663185536842528233, guid: f39e36033a905e54baf8f90e5ff91d9f,
        type: 3}
      propertyPath: m_LocalPosition.y
      value: -23
      objectReference: {fileID: 0}
    - target: {fileID: 3663185536880796335, guid: f39e36033a905e54baf8f90e5ff91d9f,
        type: 3}
      propertyPath: m_LocalPosition.y
      value: -23.52
      objectReference: {fileID: 0}
    - target: {fileID: 3663185537319660529, guid: f39e36033a905e54baf8f90e5ff91d9f,
        type: 3}
      propertyPath: m_Name
      value: SpawnManager
      objectReference: {fileID: 0}
    - target: {fileID: 3663185537319660530, guid: f39e36033a905e54baf8f90e5ff91d9f,
        type: 3}
      propertyPath: m_RootOrder
      value: 11
      objectReference: {fileID: 0}
    - target: {fileID: 3663185537319660530, guid: f39e36033a905e54baf8f90e5ff91d9f,
        type: 3}
      propertyPath: m_LocalPosition.x
      value: 111.6484
      objectReference: {fileID: 0}
    - target: {fileID: 3663185537319660530, guid: f39e36033a905e54baf8f90e5ff91d9f,
        type: 3}
      propertyPath: m_LocalPosition.y
      value: 30.537321
      objectReference: {fileID: 0}
    - target: {fileID: 3663185537319660530, guid: f39e36033a905e54baf8f90e5ff91d9f,
        type: 3}
      propertyPath: m_LocalPosition.z
      value: 327.43927
      objectReference: {fileID: 0}
    - target: {fileID: 3663185537319660530, guid: f39e36033a905e54baf8f90e5ff91d9f,
        type: 3}
      propertyPath: m_LocalRotation.w
      value: 1
      objectReference: {fileID: 0}
    - target: {fileID: 3663185537319660530, guid: f39e36033a905e54baf8f90e5ff91d9f,
        type: 3}
      propertyPath: m_LocalRotation.x
      value: 0
      objectReference: {fileID: 0}
    - target: {fileID: 3663185537319660530, guid: f39e36033a905e54baf8f90e5ff91d9f,
        type: 3}
      propertyPath: m_LocalRotation.y
      value: 0
      objectReference: {fileID: 0}
    - target: {fileID: 3663185537319660530, guid: f39e36033a905e54baf8f90e5ff91d9f,
        type: 3}
      propertyPath: m_LocalRotation.z
      value: 0
      objectReference: {fileID: 0}
    - target: {fileID: 3663185537319660530, guid: f39e36033a905e54baf8f90e5ff91d9f,
        type: 3}
      propertyPath: m_LocalEulerAnglesHint.x
      value: 0
      objectReference: {fileID: 0}
    - target: {fileID: 3663185537319660530, guid: f39e36033a905e54baf8f90e5ff91d9f,
        type: 3}
      propertyPath: m_LocalEulerAnglesHint.y
      value: 0
      objectReference: {fileID: 0}
    - target: {fileID: 3663185537319660530, guid: f39e36033a905e54baf8f90e5ff91d9f,
        type: 3}
      propertyPath: m_LocalEulerAnglesHint.z
      value: 0
      objectReference: {fileID: 0}
    - target: {fileID: 3663185537319660532, guid: f39e36033a905e54baf8f90e5ff91d9f,
        type: 3}
      propertyPath: player
      value: 
      objectReference: {fileID: 1854138569}
    - target: {fileID: 3663185537319660532, guid: f39e36033a905e54baf8f90e5ff91d9f,
        type: 3}
      propertyPath: m_Enabled
      value: 1
      objectReference: {fileID: 0}
    m_RemovedComponents: []
  m_SourcePrefab: {fileID: 100100000, guid: f39e36033a905e54baf8f90e5ff91d9f, type: 3}
--- !u!1001 &4598619347245123520
PrefabInstance:
  m_ObjectHideFlags: 0
  serializedVersion: 2
  m_Modification:
    m_TransformParent: {fileID: 0}
    m_Modifications:
    - target: {fileID: 4598619348258088105, guid: 61b968fe3447cfd439358cd7248c0831,
        type: 3}
      propertyPath: m_Name
      value: NhulGenerator
      objectReference: {fileID: 0}
    - target: {fileID: 4598619348258088105, guid: 61b968fe3447cfd439358cd7248c0831,
        type: 3}
      propertyPath: m_IsActive
      value: 0
      objectReference: {fileID: 0}
    - target: {fileID: 4598619348258088107, guid: 61b968fe3447cfd439358cd7248c0831,
        type: 3}
      propertyPath: m_RootOrder
      value: 12
      objectReference: {fileID: 0}
    - target: {fileID: 4598619348258088107, guid: 61b968fe3447cfd439358cd7248c0831,
        type: 3}
      propertyPath: m_LocalPosition.x
      value: 0
      objectReference: {fileID: 0}
    - target: {fileID: 4598619348258088107, guid: 61b968fe3447cfd439358cd7248c0831,
        type: 3}
      propertyPath: m_LocalPosition.y
      value: 0
      objectReference: {fileID: 0}
    - target: {fileID: 4598619348258088107, guid: 61b968fe3447cfd439358cd7248c0831,
        type: 3}
      propertyPath: m_LocalPosition.z
      value: 0
      objectReference: {fileID: 0}
    - target: {fileID: 4598619348258088107, guid: 61b968fe3447cfd439358cd7248c0831,
        type: 3}
      propertyPath: m_LocalRotation.w
      value: 1
      objectReference: {fileID: 0}
    - target: {fileID: 4598619348258088107, guid: 61b968fe3447cfd439358cd7248c0831,
        type: 3}
      propertyPath: m_LocalRotation.x
      value: -0
      objectReference: {fileID: 0}
    - target: {fileID: 4598619348258088107, guid: 61b968fe3447cfd439358cd7248c0831,
        type: 3}
      propertyPath: m_LocalRotation.y
      value: -0
      objectReference: {fileID: 0}
    - target: {fileID: 4598619348258088107, guid: 61b968fe3447cfd439358cd7248c0831,
        type: 3}
      propertyPath: m_LocalRotation.z
      value: -0
      objectReference: {fileID: 0}
    - target: {fileID: 4598619348258088107, guid: 61b968fe3447cfd439358cd7248c0831,
        type: 3}
      propertyPath: m_LocalEulerAnglesHint.x
      value: 0
      objectReference: {fileID: 0}
    - target: {fileID: 4598619348258088107, guid: 61b968fe3447cfd439358cd7248c0831,
        type: 3}
      propertyPath: m_LocalEulerAnglesHint.y
      value: 0
      objectReference: {fileID: 0}
    - target: {fileID: 4598619348258088107, guid: 61b968fe3447cfd439358cd7248c0831,
        type: 3}
      propertyPath: m_LocalEulerAnglesHint.z
      value: 0
      objectReference: {fileID: 0}
    m_RemovedComponents: []
  m_SourcePrefab: {fileID: 100100000, guid: 61b968fe3447cfd439358cd7248c0831, type: 3}
--- !u!1001 &6626290579104976289
PrefabInstance:
  m_ObjectHideFlags: 0
  serializedVersion: 2
  m_Modification:
    m_TransformParent: {fileID: 0}
    m_Modifications:
    - target: {fileID: 6621791797471967168, guid: 0f872679afb8eee48813f0f9d1b13900,
        type: 3}
      propertyPath: m_RootOrder
      value: 9
      objectReference: {fileID: 0}
    - target: {fileID: 6621791797471967168, guid: 0f872679afb8eee48813f0f9d1b13900,
        type: 3}
      propertyPath: m_LocalPosition.x
      value: 378.2
      objectReference: {fileID: 0}
    - target: {fileID: 6621791797471967168, guid: 0f872679afb8eee48813f0f9d1b13900,
        type: 3}
      propertyPath: m_LocalPosition.y
      value: 1.57
      objectReference: {fileID: 0}
    - target: {fileID: 6621791797471967168, guid: 0f872679afb8eee48813f0f9d1b13900,
        type: 3}
      propertyPath: m_LocalPosition.z
      value: 322.13
      objectReference: {fileID: 0}
    - target: {fileID: 6621791797471967168, guid: 0f872679afb8eee48813f0f9d1b13900,
        type: 3}
      propertyPath: m_LocalRotation.w
      value: 0.6785849
      objectReference: {fileID: 0}
    - target: {fileID: 6621791797471967168, guid: 0f872679afb8eee48813f0f9d1b13900,
        type: 3}
      propertyPath: m_LocalRotation.x
      value: -0.68224406
      objectReference: {fileID: 0}
    - target: {fileID: 6621791797471967168, guid: 0f872679afb8eee48813f0f9d1b13900,
        type: 3}
      propertyPath: m_LocalRotation.y
      value: -0.19525899
      objectReference: {fileID: 0}
    - target: {fileID: 6621791797471967168, guid: 0f872679afb8eee48813f0f9d1b13900,
        type: 3}
      propertyPath: m_LocalRotation.z
      value: 0.1895774
      objectReference: {fileID: 0}
    - target: {fileID: 6621791797471967168, guid: 0f872679afb8eee48813f0f9d1b13900,
        type: 3}
      propertyPath: m_LocalEulerAnglesHint.x
      value: -58.418003
      objectReference: {fileID: 0}
    - target: {fileID: 6621791797471967168, guid: 0f872679afb8eee48813f0f9d1b13900,
        type: 3}
      propertyPath: m_LocalEulerAnglesHint.y
      value: -90.784004
      objectReference: {fileID: 0}
    - target: {fileID: 6621791797471967168, guid: 0f872679afb8eee48813f0f9d1b13900,
        type: 3}
      propertyPath: m_LocalEulerAnglesHint.z
      value: 90.30601
      objectReference: {fileID: 0}
    - target: {fileID: 6625312589127733256, guid: 0f872679afb8eee48813f0f9d1b13900,
        type: 3}
      propertyPath: m_Name
      value: SmokeEffect
      objectReference: {fileID: 0}
    m_RemovedComponents: []
  m_SourcePrefab: {fileID: 100100000, guid: 0f872679afb8eee48813f0f9d1b13900, type: 3}
--- !u!1001 &6655124417022910551
PrefabInstance:
  m_ObjectHideFlags: 0
  serializedVersion: 2
  m_Modification:
    m_TransformParent: {fileID: 0}
    m_Modifications:
    - target: {fileID: 6655124417719472368, guid: 424344acb2e28dc478e7d7de9a32cc6c,
        type: 3}
      propertyPath: m_CullingMask.m_Bits
      value: 1536
      objectReference: {fileID: 0}
    - target: {fileID: 6655124417719472370, guid: 424344acb2e28dc478e7d7de9a32cc6c,
        type: 3}
      propertyPath: m_Name
      value: TVCam
      objectReference: {fileID: 0}
    - target: {fileID: 6655124417719472383, guid: 424344acb2e28dc478e7d7de9a32cc6c,
        type: 3}
      propertyPath: m_RootOrder
      value: 13
      objectReference: {fileID: 0}
    - target: {fileID: 6655124417719472383, guid: 424344acb2e28dc478e7d7de9a32cc6c,
        type: 3}
      propertyPath: m_LocalPosition.x
      value: 251
      objectReference: {fileID: 0}
    - target: {fileID: 6655124417719472383, guid: 424344acb2e28dc478e7d7de9a32cc6c,
        type: 3}
      propertyPath: m_LocalPosition.y
      value: 113
      objectReference: {fileID: 0}
    - target: {fileID: 6655124417719472383, guid: 424344acb2e28dc478e7d7de9a32cc6c,
        type: 3}
      propertyPath: m_LocalPosition.z
      value: 249
      objectReference: {fileID: 0}
    - target: {fileID: 6655124417719472383, guid: 424344acb2e28dc478e7d7de9a32cc6c,
        type: 3}
      propertyPath: m_LocalRotation.w
      value: 0.7071068
      objectReference: {fileID: 0}
    - target: {fileID: 6655124417719472383, guid: 424344acb2e28dc478e7d7de9a32cc6c,
        type: 3}
      propertyPath: m_LocalRotation.x
      value: 0.7071068
      objectReference: {fileID: 0}
    - target: {fileID: 6655124417719472383, guid: 424344acb2e28dc478e7d7de9a32cc6c,
        type: 3}
      propertyPath: m_LocalRotation.y
      value: 0
      objectReference: {fileID: 0}
    - target: {fileID: 6655124417719472383, guid: 424344acb2e28dc478e7d7de9a32cc6c,
        type: 3}
      propertyPath: m_LocalRotation.z
      value: 0
      objectReference: {fileID: 0}
    - target: {fileID: 6655124417719472383, guid: 424344acb2e28dc478e7d7de9a32cc6c,
        type: 3}
      propertyPath: m_LocalEulerAnglesHint.x
      value: 90
      objectReference: {fileID: 0}
    - target: {fileID: 6655124417719472383, guid: 424344acb2e28dc478e7d7de9a32cc6c,
        type: 3}
      propertyPath: m_LocalEulerAnglesHint.y
      value: 0
      objectReference: {fileID: 0}
    - target: {fileID: 6655124417719472383, guid: 424344acb2e28dc478e7d7de9a32cc6c,
        type: 3}
      propertyPath: m_LocalEulerAnglesHint.z
      value: 0
      objectReference: {fileID: 0}
    m_RemovedComponents: []
  m_SourcePrefab: {fileID: 100100000, guid: 424344acb2e28dc478e7d7de9a32cc6c, type: 3}
--- !u!1001 &8325682352630559139
PrefabInstance:
  m_ObjectHideFlags: 0
  serializedVersion: 2
  m_Modification:
    m_TransformParent: {fileID: 0}
    m_Modifications:
    - target: {fileID: 8325682353553962988, guid: 9c3e0fc4aab39bb4f91092de25bc2f3f,
        type: 3}
      propertyPath: m_RootOrder
      value: 16
      objectReference: {fileID: 0}
    - target: {fileID: 8325682353553962988, guid: 9c3e0fc4aab39bb4f91092de25bc2f3f,
        type: 3}
      propertyPath: m_LocalPosition.x
      value: 333.07816
      objectReference: {fileID: 0}
    - target: {fileID: 8325682353553962988, guid: 9c3e0fc4aab39bb4f91092de25bc2f3f,
        type: 3}
      propertyPath: m_LocalPosition.y
      value: 6.529666
      objectReference: {fileID: 0}
    - target: {fileID: 8325682353553962988, guid: 9c3e0fc4aab39bb4f91092de25bc2f3f,
        type: 3}
      propertyPath: m_LocalPosition.z
      value: 229.33447
      objectReference: {fileID: 0}
    - target: {fileID: 8325682353553962988, guid: 9c3e0fc4aab39bb4f91092de25bc2f3f,
        type: 3}
      propertyPath: m_LocalRotation.w
      value: 1
      objectReference: {fileID: 0}
    - target: {fileID: 8325682353553962988, guid: 9c3e0fc4aab39bb4f91092de25bc2f3f,
        type: 3}
      propertyPath: m_LocalRotation.x
      value: -0
      objectReference: {fileID: 0}
    - target: {fileID: 8325682353553962988, guid: 9c3e0fc4aab39bb4f91092de25bc2f3f,
        type: 3}
      propertyPath: m_LocalRotation.y
      value: -0
      objectReference: {fileID: 0}
    - target: {fileID: 8325682353553962988, guid: 9c3e0fc4aab39bb4f91092de25bc2f3f,
        type: 3}
      propertyPath: m_LocalRotation.z
      value: -0
      objectReference: {fileID: 0}
    - target: {fileID: 8325682353553962988, guid: 9c3e0fc4aab39bb4f91092de25bc2f3f,
        type: 3}
      propertyPath: m_LocalEulerAnglesHint.x
      value: 0
      objectReference: {fileID: 0}
    - target: {fileID: 8325682353553962988, guid: 9c3e0fc4aab39bb4f91092de25bc2f3f,
        type: 3}
      propertyPath: m_LocalEulerAnglesHint.y
      value: 0
      objectReference: {fileID: 0}
    - target: {fileID: 8325682353553962988, guid: 9c3e0fc4aab39bb4f91092de25bc2f3f,
        type: 3}
      propertyPath: m_LocalEulerAnglesHint.z
      value: 0
      objectReference: {fileID: 0}
    - target: {fileID: 8325682353553962990, guid: 9c3e0fc4aab39bb4f91092de25bc2f3f,
        type: 3}
      propertyPath: m_Name
      value: Volume
      objectReference: {fileID: 0}
    m_RemovedComponents: []
  m_SourcePrefab: {fileID: 100100000, guid: 9c3e0fc4aab39bb4f91092de25bc2f3f, type: 3}
